@article{Aaboud:2016dgf,
      author         = "Aaboud, Morad and others",
      title          = "{Search for metastable heavy charged particles with large
                        ionization energy loss in pp collisions at $\sqrt{s} = 13$
                        TeV using the ATLAS experiment}",
      collaboration  = "ATLAS",
      journal        = "Phys. Rev.",
      volume         = "D93",
      year           = "2016",
      number         = "11",
      pages          = "112015",
      doi            = "10.1103/PhysRevD.93.112015",
      eprint         = "1604.04520",
      archivePrefix  = "arXiv",
      primaryClass   = "hep-ex",
      reportNumber   = "CERN-EP-2016-063",
      SLACcitation   = "%%CITATION = ARXIV:1604.04520;%%"
}
@techreport{ATLAS-CONF-2016-002,
      title         = "{Studies of $b$-tagging performance and jet substructure
                       in a high $p_\rm{T}$ $g\rightarrow b\bar{b}$ rich sample of
                       large-$R$ jets from $pp$ collisions at $\sqrt{s}=8$ TeV
                       with the ATLAS detector}",
      institution   = "CERN",
      address       = "Geneva",
      number        = "ATLAS-CONF-2016-002",
      month         = "Feb",
      year          = "2016",
      reportNumber  = "ATLAS-CONF-2016-002",
      url           = "http://cds.cern.ch/record/2135187",
}
@techreport{ATL-PHYS-PUB-2017-016,
      title         = "{Modelling of Track Reconstruction Inside Jets with the 2016 ATLAS $\sqrt{s} = 13$ TeV $pp$ Dataset}",
      institution   = "CERN",
      address       = "Geneva",
      number        = "ATL-PHYS-PUB-2017-016",
      year          = "2017",
      reportNumber  = "ATL-PHYS-PUB-2017-016",
}
@techreport{ATL-PHYS-PUB-2016-007,
      title         = "{Measurement of track reconstruction inefficiencies in the
                       core of jets via pixel dE/dx with the ATLAS experiment
                       using $\sqrt{s}=13$ TeV $\textit{pp}$ collision data}",
      institution   = "CERN",
      address       = "Geneva",
      number        = "ATL-PHYS-PUB-2016-007",
      month         = "Mar",
      year          = "2016",
      reportNumber  = "ATL-PHYS-PUB-2016-007",
      url           = "https://cds.cern.ch/record/2140460",
}
@article{Aad:2014yva,
      author         = "Aad, Georges and others",
      title          = "{A neural network clustering algorithm for the ATLAS
                        silicon pixel detector}",
      collaboration  = "ATLAS",
      journal        = "JINST",
      volume         = "9",
      year           = "2014",
      pages          = "P09009",
      doi            = "10.1088/1748-0221/9/09/P09009",
      eprint         = "1406.7690",
      archivePrefix  = "arXiv",
      primaryClass   = "hep-ex",
      reportNumber   = "CERN-PH-EP-2014-120",
      SLACcitation   = "%%CITATION = ARXIV:1406.7690;%%"
}
@article{Aaboud:2017all,
      author         = "Aaboud, M. and others",
      title          = "{Performance of the ATLAS Track Reconstruction Algorithms
                        in Dense Environments in LHC Run 2}",
      collaboration  = "ATLAS",
      journal        = "Eur. Phys. J.",
      volume         = "C77",
      year           = "2017",
      number         = "10",
      pages          = "673",
      doi            = "10.1140/epjc/s10052-017-5225-7",
      eprint         = "1704.07983",
      archivePrefix  = "arXiv",
      primaryClass   = "hep-ex",
      reportNumber   = "CERN-EP-2017-045",
      SLACcitation   = "%%CITATION = ARXIV:1704.07983;%%"
}
@article{Sirunyan:2017tyr,
      author         = "Sirunyan, Albert M and others",
      title          = "{Measurements of jet charge with dijet events in pp
                        collisions at $\sqrt{s}$ = 8 TeV}",
      collaboration  = "CMS",
      year           = "2017",
      eprint         = "1706.05868",
      archivePrefix  = "arXiv",
      primaryClass   = "hep-ex",
      reportNumber   = "CMS-SMP-15-003, CERN-EP-2017-085",
      SLACcitation   = "%%CITATION = ARXIV:1706.05868;%%"
}
@techreport{ATLAS-CONF-2016-039,
      title         = "{Boosted Higgs ($\rightarrow b\bar{b}$) Boson
                       Identification with the ATLAS Detector at $\sqrt{s} = 13$
                       TeV}",
      institution   = "CERN",
      collaboration = "ATLAS Collaboration",
      address       = "Geneva",
      number        = "ATLAS-CONF-2016-039",
      month         = "Aug",
      year          = "2016",
      reportNumber  = "ATLAS-CONF-2016-039",
      url           = "https://cds.cern.ch/record/2206038",
}
@article{CMS:2013vea,
      author         = "{CMS Collaboration}",
      title          = "{Performance of b tagging at sqrt(s)=8 TeV in multijet,
                        ttbar and boosted topology events}",
      year           = "2013",
      reportNumber   = "CMS-PAS-BTV-13-001",
      SLACcitation   = "%%CITATION = CMS-PAS-BTV-13-001;%%"
}
@article{pythiavariations,
      author         = "Mrenna, S. and Skands, P.",
      title          = "{Automated Parton-Shower Variations in Pythia 8}",
      journal        = "Phys. Rev.",
      volume         = "D94",
      year           = "2016",
      number         = "7",
      pages          = "074005",
      doi            = "10.1103/PhysRevD.94.074005",
      eprint         = "1605.08352",
      archivePrefix  = "arXiv",
      primaryClass   = "hep-ph",
      reportNumber   = "COEPP-MN-16-13, MCNET-16-14, FERMILAB-PUB-16-186-CD,
                        MCNET-16-15",
      SLACcitation   = "%%CITATION = ARXIV:1605.08352;%%"
}
@techreport{ATLAS-CONF-2016-002,
      title         = "{Studies of $b$-tagging performance and jet substructure
                       in a high $p_\text{T}$ $g\rightarrow b\bar{b}$ rich sample of
                       large-$R$ jets from $pp$ collisions at $\sqrt{s}=8$ TeV
                       with the ATLAS detector}",
      institution   = "CERN",
      address       = "Geneva",
      number        = "ATLAS-CONF-2016-002",
      month         = "Feb",
      year          = "2016",
      reportNumber  = "ATLAS-CONF-2016-002",
      url           = "https://cds.cern.ch/record/2135187",
}
@article{Aaboud:2017ecz,
      author         = "Aaboud, Morad and others",
      title          = "{A search for resonances decaying into a Higgs boson and
                        a new particle $X$ in the $XH \to qqbb$ final state with
                        the ATLAS detector}",
      collaboration  = "ATLAS",
      year           = "2017",
      eprint         = "1709.06783",
      archivePrefix  = "arXiv",
      primaryClass   = "hep-ex",
      reportNumber   = "CERN-EP-2017-204",
      SLACcitation   = "%%CITATION = ARXIV:1709.06783;%%"
}
@article{Aaboud:2017ahz,
      author         = "Aaboud, Morad and others",
      title          = "{Search for heavy resonances decaying to a $W$ or $Z$
                        boson and a Higgs boson in the
                        $q\bar{q}^{(\prime)}b\bar{b}$ final state in $pp$
                        collisions at $\sqrt{s} = 13$ TeV with the ATLAS
                        detector}",
      collaboration  = "ATLAS",
      year           = "2017",
      eprint         = "1707.06958",
      archivePrefix  = "arXiv",
      primaryClass   = "hep-ex",
      reportNumber   = "CERN-EP-2017-111",
      SLACcitation   = "%%CITATION = ARXIV:1707.06958;%%"
}
@article{Aaboud:2016xco,
      author         = "Aaboud, Morad and others",
      title          = "{Search for pair production of Higgs bosons in the
                        $b\bar{b}b\bar{b}$ final state using proton--proton
                        collisions at $\sqrt{s} = 13$ TeV with the ATLAS
                        detector}",
      collaboration  = "ATLAS",
      journal        = "Phys. Rev.",
      volume         = "D94",
      year           = "2016",
      number         = "5",
      pages          = "052002",
      doi            = "10.1103/PhysRevD.94.052002",
      eprint         = "1606.04782",
      archivePrefix  = "arXiv",
      primaryClass   = "hep-ex",
      reportNumber   = "CERN-EP-2016-142",
      SLACcitation   = "%%CITATION = ARXIV:1606.04782;%%"
}
@article{Sirunyan:2017nrt,
      author         = "Sirunyan, Albert M and others",
      title          = "{Combination of searches for heavy resonances decaying to
                        WW, WZ, ZZ, WH, and ZH boson pairs in proton-proton
                        collisions at sqrt(s) = 8 and 13 TeV}",
      collaboration  = "CMS",
      year           = "2017",
      eprint         = "1705.09171",
      archivePrefix  = "arXiv",
      primaryClass   = "hep-ex",
      reportNumber   = "CMS-B2G-16-007, CERN-EP-2017-077",
      SLACcitation   = "%%CITATION = ARXIV:1705.09171;%%"
}
@article{Anderle:2017qwx,
      author         = "B. Nachman",
      title          = "{$g\rightarrow b\bar{b}$ Studies at the LHC, in Proceedings, Parton Radiation and Fragmentation from LHC
                        to FCC-ee: CERN, Geneva, Switzerland, November 22-23, 2016, pp 139-143}",
      year           = "2017",
      eprint         = "1702.01329",
      archivePrefix  = "arXiv",
      primaryClass   = "hep-ph",
      reportNumber   = "COEPP-MN-17-1",
      SLACcitation   = "%%CITATION = ARXIV:1702.01329;%%"
}
@article{Ilten:2017rbd,
      author         = "Ilten, Philip and Rodd, Nicholas L. and Thaler, Jesse and
                        Williams, Mike",
      title          = "{Disentangling Heavy Flavor at Colliders}",
      journal        = "Phys. Rev.",
      volume         = "D96",
      year           = "2017",
      number         = "5",
      pages          = "054019",
      doi            = "10.1103/PhysRevD.96.054019",
      eprint         = "1702.02947",
      archivePrefix  = "arXiv",
      primaryClass   = "hep-ph",
      reportNumber   = "MIT-CTP-4880",
      SLACcitation   = "%%CITATION = ARXIV:1702.02947;%%"
}
@article{Khachatryan:2016cfa,
      author         = "Khachatryan, Vardan and others",
      title          = "{Search for heavy resonances decaying to two Higgs bosons
                        in final states containing four b quarks}",
      collaboration  = "CMS",
      journal        = "Eur. Phys. J.",
      volume         = "C76",
      year           = "2016",
      number         = "7",
      pages          = "371",
      doi            = "10.1140/epjc/s10052-016-4206-6",
      eprint         = "1602.08762",
      archivePrefix  = "arXiv",
      primaryClass   = "hep-ex",
      reportNumber   = "CMS-EXO-12-053, CERN-EP-2016-041",
      SLACcitation   = "%%CITATION = ARXIV:1602.08762;%%"
}
@article{Sirunyan:2017dgc,
      author         = "Sirunyan, Albert M and others",
      title          = "{Inclusive search for a highly boosted Higgs boson
                        decaying to a bottom quark-antiquark pair}",
      collaboration  = "CMS",
      year           = "2017",
      eprint         = "1709.05543",
      archivePrefix  = "arXiv",
      primaryClass   = "hep-ex",
      reportNumber   = "CMS-HIG-17-010, CERN-EP-2017-207",
      SLACcitation   = "%%CITATION = ARXIV:1709.05543;%%"
}
@article{Aaboud:2017yqz,
      author         = "Aaboud, Morad and others",
      title          = "{Search for Dark Matter Produced in Association with a
                        Higgs Boson Decaying to $b\bar b$ using 36 fb$^{-1}$ of
                        $pp$ collisions at $\sqrt s=13$ TeV with the ATLAS
                        Detector}",
      collaboration  = "ATLAS",
      year           = "2017",
      eprint         = "1707.01302",
      archivePrefix  = "arXiv",
      primaryClass   = "hep-ex",
      reportNumber   = "CERN-EP-2017-117",
      SLACcitation   = "%%CITATION = ARXIV:1707.01302;%%"
}

@article{Aaij:2010gn,
      author         = "Aaij, R. and others",
      title          = "{Measurement of $\sigma(pp \to b \bar{b} X)$ at
                        $\sqrt{s}=7$ TeV in the forward region}",
      collaboration  = "LHCb",
      journal        = "Phys. Lett.",
      volume         = "B694",
      year           = "2010",
      pages          = "209-216",
      doi            = "10.1016/j.physletb.2010.10.010",
      eprint         = "1009.2731",
      archivePrefix  = "arXiv",
      primaryClass   = "hep-ex",
      reportNumber   = "CERN-PH-EP-2010-029, LHCb-PAPER-2010-002",
      SLACcitation   = "%%CITATION = ARXIV:1009.2731;%%"
}
@article{Aaij:2010gn,
      author         = "Aaij, R. and others",
      title          = "{Measurement of $\sigma(pp \to b \bar{b} X)$ at
                        $\sqrt{s}=7$ TeV in the forward region}",
      collaboration  = "LHCb",
      journal        = "Phys. Lett.",
      volume         = "B694",
      year           = "2010",
      pages          = "209-216",
      doi            = "10.1016/j.physletb.2010.10.010",
      eprint         = "1009.2731",
      archivePrefix  = "arXiv",
      primaryClass   = "hep-ex",
      reportNumber   = "CERN-PH-EP-2010-029, LHCb-PAPER-2010-002",
      SLACcitation   = "%%CITATION = ARXIV:1009.2731;%%"
}
@article{Aaij:2012jd,
      author         = "Aaij, R. and others",
      title          = "{Measurement of the $B^\pm$ production cross-section in
                        $pp$ collisions at $\sqrt{s}=7$ TeV}",
      collaboration  = "LHCb",
      journal        = "JHEP",
      volume         = "04",
      year           = "2012",
      pages          = "093",
      doi            = "10.1007/JHEP04(2012)093",
      eprint         = "1202.4812",
      archivePrefix  = "arXiv",
      primaryClass   = "hep-ex",
      reportNumber   = "CERN-PH-EP-2012-047, LHCB-PAPER-2011-043",
      SLACcitation   = "%%CITATION = ARXIV:1202.4812;%%"
}
@article{Aaij:2017pvu,
      author         = "Aaij, Roel and others",
      title          = "{Study of $b\bar{b}$ correlations in high energy
                        proton-proton collisions}",
      collaboration  = "LHCb",
      year           = "2017",
      eprint         = "1708.05994",
      archivePrefix  = "arXiv",
      primaryClass   = "hep-ex",
      reportNumber   = "CERN-EP-2017-178, LHCB-PAPER-2017-020",
      SLACcitation   = "%%CITATION = ARXIV:1708.05994;%%"
}
@article{Aaij:2013noa,
      author         = "Aaij, R and others",
      title          = "{Measurement of B meson production cross-sections in
                        proton-proton collisions at $\sqrt{s}$ = 7 TeV}",
      collaboration  = "LHCb",
      journal        = "JHEP",
      volume         = "08",
      year           = "2013",
      pages          = "117",
      doi            = "10.1007/JHEP08(2013)117",
      eprint         = "1306.3663",
      archivePrefix  = "arXiv",
      primaryClass   = "hep-ex",
      reportNumber   = "CERN-PH-EP-2013-095, LHCB-PAPER-2013-004",
      SLACcitation   = "%%CITATION = ARXIV:1306.3663;%%"
}


@article{Aaboud:2016jed,
      author         = "Aaboud, Morad and others",
      title          = "{Measurement of the $b\overline{b}$ dijet cross section
                        in pp collisions at $\sqrt{s} = 7$  TeV with the ATLAS
                        detector}",
      collaboration  = "ATLAS",
      journal        = "Eur. Phys. J.",
      volume         = "C76",
      year           = "2016",
      number         = "12",
      pages          = "670",
      doi            = "10.1140/epjc/s10052-016-4521-y",
      eprint         = "1607.08430",
      archivePrefix  = "arXiv",
      primaryClass   = "hep-ex",
      reportNumber   = "CERN-EP-2016-091",
      SLACcitation   = "%%CITATION = ARXIV:1607.08430;%%"
}

@article{ATLAS:2013cia,
      author         = "Aad, Georges and others",
      title          = "{Measurement of the differential cross-section of $B^{+}$
                        meson production in pp collisions at $\sqrt{s}$ = 7 TeV at
                        ATLAS}",
      collaboration  = "ATLAS",
      journal        = "JHEP",
      volume         = "10",
      year           = "2013",
      pages          = "042",
      doi            = "10.1007/JHEP10(2013)042",
      eprint         = "1307.0126",
      archivePrefix  = "arXiv",
      primaryClass   = "hep-ex",
      reportNumber   = "CERN-PH-EP-2013-089",
      SLACcitation   = "%%CITATION = ARXIV:1307.0126;%%"
}

@article{Albajar:1993be,
      author         = "Albajar, C. and others",
      title          = "{Measurement of $b \bar{b}$ correlations at the CERN $p
                        \bar{p}$ collider}",
      collaboration  = "UA1",
      journal        = "Z. Phys.",
      volume         = "C61",
      year           = "1994",
      pages          = "41-52",
      doi            = "10.1007/BF01641885",
      reportNumber   = "CERN-PPE-93-153",
      SLACcitation   = "%%CITATION = ZEPYA,C61,41;%%"
}

@article{Albajar:1990zu,
      author         = "Albajar, C. and others",
      title          = "{Beauty production at the CERN p anti-p collider}",
      collaboration  = "UA1",
      journal        = "Phys. Lett.",
      volume         = "B256",
      year           = "1991",
      pages          = "121-128",
      doi            = "10.1016/0370-2693(91)90228-I",
      note           = "[Erratum: Phys. Lett.B262,497(1991)]",
      reportNumber   = "CERN-PPE-90-155-REV, CERN-PPE-90-155",
      SLACcitation   = "%%CITATION = PHLTA,B256,121;%%"
}

@article{Acosta:2004yw,
      author         = "Acosta, D. and others",
      title          = "{Measurement of the $J/\psi$ meson and $b-$hadron
                        production cross sections in $p\bar{p}$ collisions at
                        $\sqrt{s} = 1960$ GeV}",
      collaboration  = "CDF",
      journal        = "Phys. Rev.",
      volume         = "D71",
      year           = "2005",
      pages          = "032001",
      doi            = "10.1103/PhysRevD.71.032001",
      eprint         = "hep-ex/0412071",
      archivePrefix  = "arXiv",
      primaryClass   = "hep-ex",
      reportNumber   = "FERMILAB-PUB-04-440-E",
      SLACcitation   = "%%CITATION = HEP-EX/0412071;%%"
}

@article{Khachatryan:2010yr,
      author         = "Khachatryan, Vardan and others",
      title          = "{Prompt and non-prompt $J/\psi$ production in $pp$
                        collisions at $\sqrt{s}=7$ TeV}",
      collaboration  = "CMS",
      journal        = "Eur. Phys. J.",
      volume         = "C71",
      year           = "2011",
      pages          = "1575",
      doi            = "10.1140/epjc/s10052-011-1575-8",
      eprint         = "1011.4193",
      archivePrefix  = "arXiv",
      primaryClass   = "hep-ex",
      reportNumber   = "CERN-PH-EP-2010-046, CMS-BPH-10-002",
      SLACcitation   = "%%CITATION = ARXIV:1011.4193;%%"
}

@article{Aad:2015duc,
      author         = "Aad, Georges and others",
      title          = "{Measurement of the differential cross-sections of prompt
                        and non-prompt production of $J/\psi $ and $\psi (2\mathrm
                        {S})$ in $pp$ collisions at $\sqrt{s} = 7$ and 8 TeV with
                        the ATLAS detector}",
      collaboration  = "ATLAS",
      journal        = "Eur. Phys. J.",
      volume         = "C76",
      year           = "2016",
      number         = "5",
      pages          = "283",
      doi            = "10.1140/epjc/s10052-016-4050-8",
      eprint         = "1512.03657",
      archivePrefix  = "arXiv",
      primaryClass   = "hep-ex",
      reportNumber   = "CERN-PH-EP-2015-292",
      SLACcitation   = "%%CITATION = ARXIV:1512.03657;%%"
}

@article{Aad:2011sp,
      author         = "Aad, Georges and others",
      title          = "{Measurement of the differential cross-sections of
                        inclusive, prompt and non-prompt $J/\psi$ production in
                        proton-proton collisions at $\sqrt{s}=7$ TeV}",
      collaboration  = "ATLAS",
      journal        = "Nucl. Phys.",
      volume         = "B850",
      year           = "2011",
      pages          = "387-444",
      doi            = "10.1016/j.nuclphysb.2011.05.015",
      eprint         = "1104.3038",
      archivePrefix  = "arXiv",
      primaryClass   = "hep-ex",
      reportNumber   = "CERN-PH-EP-2011-041",
      SLACcitation   = "%%CITATION = ARXIV:1104.3038;%%"
}

@article{Aad:2012jga,
      author         = "Aad, Georges and others",
      title          = "{Measurement of the b-hadron production cross section
                        using decays to $D^{*}\mu^-X$ final states in pp
                        collisions at sqrt(s) = 7 TeV with the ATLAS detector}",
      collaboration  = "ATLAS",
      journal        = "Nucl. Phys.",
      volume         = "B864",
      year           = "2012",
      pages          = "341-381",
      doi            = "10.1016/j.nuclphysb.2012.07.009",
      eprint         = "1206.3122",
      archivePrefix  = "arXiv",
      primaryClass   = "hep-ex",
      reportNumber   = "CERN-PH-EP-2012-121",
      SLACcitation   = "%%CITATION = ARXIV:1206.3122;%%"
}

@article{Aaboud:2016jed,
      author         = "Aaboud, Morad and others",
      title          = "{Measurement of the $b\overline{b}$ dijet cross section
                        in pp collisions at $\sqrt{s} = 7$  TeV with the ATLAS
                        detector}",
      collaboration  = "ATLAS",
      journal        = "Eur. Phys. J.",
      volume         = "C76",
      year           = "2016",
      number         = "12",
      pages          = "670",
      doi            = "10.1140/epjc/s10052-016-4521-y",
      eprint         = "1607.08430",
      archivePrefix  = "arXiv",
      primaryClass   = "hep-ex",
      reportNumber   = "CERN-EP-2016-091",
      SLACcitation   = "%%CITATION = ARXIV:1607.08430;%%"
}
@article{Aad:2013vka,
      author         = "Aad, Georges and others",
      title          = "{Measurement of the cross-section for W boson production
                        in association with b-jets in pp collisions at $\sqrt{s}$
                        = 7 TeV with the ATLAS detector}",
      collaboration  = "ATLAS",
      journal        = "JHEP",
      volume         = "06",
      year           = "2013",
      pages          = "084",
      doi            = "10.1007/JHEP06(2013)084",
      eprint         = "1302.2929",
      archivePrefix  = "arXiv",
      primaryClass   = "hep-ex",
      reportNumber   = "CERN-PH-EP-2012-357",
      SLACcitation   = "%%CITATION = ARXIV:1302.2929;%%"
}
@article{Aad:2014dvb,
      author         = "Aad, Georges and others",
      title          = "{Measurement of differential production cross-sections
                        for a $Z$ boson in association with $b$-jets in 7 TeV
                        proton-proton collisions with the ATLAS detector}",
      collaboration  = "ATLAS",
      journal        = "JHEP",
      volume         = "10",
      year           = "2014",
      pages          = "141",
      doi            = "10.1007/JHEP10(2014)141",
      eprint         = "1407.3643",
      archivePrefix  = "arXiv",
      primaryClass   = "hep-ex",
      reportNumber   = "CERN-PH-EP-2014-118",
      SLACcitation   = "%%CITATION = ARXIV:1407.3643;%%"
}
@article{Aaboud:2017vqt,
      author         = "Aaboud, Morad and others",
      title          = "{Measurement of $b$-hadron pair production with the ATLAS
                        detector in proton-proton collisions at $\sqrt{s}=8$ TeV}",
      collaboration  = "ATLAS",
      year           = "2017",
      eprint         = "1705.03374",
      archivePrefix  = "arXiv",
      primaryClass   = "hep-ex",
      reportNumber   = "CERN-EP-2017-057",
      SLACcitation   = "%%CITATION = ARXIV:1705.03374;%%"
}
@article{ATLAS:2011ac,
      author         = "Aad, Georges and others",
      title          = "{Measurement of the inclusive and dijet cross-sections of
                        $b^-$ jets in $pp$ collisions at $\sqrt{s}=7$ TeV with the
                        ATLAS detector}",
      collaboration  = "ATLAS",
      journal        = "Eur. Phys. J.",
      volume         = "C71",
      year           = "2011",
      pages          = "1846",
      doi            = "10.1140/epjc/s10052-011-1846-4",
      eprint         = "1109.6833",
      archivePrefix  = "arXiv",
      primaryClass   = "hep-ex",
      reportNumber   = "CERN-PH-EP-2011-146",
      SLACcitation   = "%%CITATION = ARXIV:1109.6833;%%"
}
@article{Khachatryan:2011wq,
      author         = "Khachatryan, Vardan and others",
      title          = "{Measurement of $B\bar{B}$ Angular Correlations based on
                        Secondary Vertex Reconstruction at $\sqrt{s}=7$ TeV}",
      collaboration  = "CMS",
      journal        = "JHEP",
      volume         = "03",
      year           = "2011",
      pages          = "136",
      doi            = "10.1007/JHEP03(2011)136",
      eprint         = "1102.3194",
      archivePrefix  = "arXiv",
      primaryClass   = "hep-ex",
      reportNumber   = "CERN-PH-EP-10-093, CMS-BPH-10-010",
      SLACcitation   = "%%CITATION = ARXIV:1102.3194;%%"
}
@article{Chatrchyan:2012dk,
      author         = "Chatrchyan, Serguei and others",
      title          = "{Inclusive $b$-jet production in $pp$ collisions at
                        $\sqrt{s}=7$ TeV}",
      collaboration  = "CMS",
      journal        = "JHEP",
      volume         = "04",
      year           = "2012",
      pages          = "084",
      doi            = "10.1007/JHEP04(2012)084",
      eprint         = "1202.4617",
      archivePrefix  = "arXiv",
      primaryClass   = "hep-ex",
      reportNumber   = "CMS-BPH-11-022, CERN-PH-EP-2012-036",
      SLACcitation   = "%%CITATION = ARXIV:1202.4617;%%"
}

@article{Barate:1998vs,
      author         = "Barate, R. and others",
      title          = "{A Measurement of the gluon splitting rate into b anti-b
                        pairs in hadronic Z decays}",
      collaboration  = "ALEPH",
      journal        = "Phys. Lett.",
      volume         = "B434",
      year           = "1998",
      pages          = "437-450",
      doi            = "10.1016/S0370-2693(98)00850-8",
      reportNumber   = "CERN-EP-98-103",
      SLACcitation   = "%%CITATION = PHLTA,B434,437;%%"
}

@article{Chatrchyan:2012hw,
      author         = "Chatrchyan, Serguei and others",
      title          = "{Measurement of the cross section for production of $b
                        b^-$ bar $X$, decaying to muons in $pp$ collisions at
                        $\sqrt{s}=7$ TeV}",
      collaboration  = "CMS",
      journal        = "JHEP",
      volume         = "06",
      year           = "2012",
      pages          = "110",
      doi            = "10.1007/JHEP06(2012)110",
      eprint         = "1203.3458",
      archivePrefix  = "arXiv",
      primaryClass   = "hep-ex",
      reportNumber   = "CMS-BPH-10-015, CERN-PH-EP-2012-057",
      SLACcitation   = "%%CITATION = ARXIV:1203.3458;%%"
}

@article{Abreu:1999qh,
      author         = "Abreu, P. and others",
      title          = "{Measurement of the rate of b anti-b b anti-b events in
                        hadronic Z decays and the extraction of the gluon
                        splitting into b anti-b}",
      collaboration  = "DELPHI",
      journal        = "Phys. Lett.",
      volume         = "B462",
      year           = "1999",
      pages          = "425-439",
      doi            = "10.1016/S0370-2693(99)00905-3",
      reportNumber   = "CERN-EP-99-081, CERN-EP-99-81",
      SLACcitation   = "%%CITATION = PHLTA,B462,425;%%"
}

@article{Chatrchyan:2013uza,
      author         = "Chatrchyan, Serguei and others",
      title          = "{Measurement of the production cross section for a W
                        boson and two b jets in pp collisions at $\sqrt{s}$=7
                        TeV}",
      collaboration  = "CMS",
      journal        = "Phys. Lett.",
      volume         = "B735",
      year           = "2014",
      pages          = "204-225",
      doi            = "10.1016/j.physletb.2014.06.041",
      eprint         = "1312.6608",
      archivePrefix  = "arXiv",
      primaryClass   = "hep-ex",
      reportNumber   = "CMS-SMP-12-026, CERN-PH-EP-2013-223,
                        CERN-PH-EP-2013-2223",
      SLACcitation   = "%%CITATION = ARXIV:1312.6608;%%"
}

@article{Chatrchyan:2013zja,
      author         = "Chatrchyan, Serguei and others",
      title          = "{Measurement of the cross section and angular
                        correlations for associated production of a Z boson with b
                        hadrons in pp collisions at $\sqrt{s} =$ 7 TeV}",
      collaboration  = "CMS",
      journal        = "JHEP",
      volume         = "12",
      year           = "2013",
      pages          = "039",
      doi            = "10.1007/JHEP12(2013)039",
      eprint         = "1310.1349",
      archivePrefix  = "arXiv",
      primaryClass   = "hep-ex",
      reportNumber   = "CMS-EWK-11-015, CERN-PH-EP-2013-153",
      SLACcitation   = "%%CITATION = ARXIV:1310.1349;%%"
}

@article{Chatrchyan:2013zja,
      author         = "Chatrchyan, Serguei and others",
      title          = "{Measurement of the cross section and angular
                        correlations for associated production of a Z boson with b
                        hadrons in pp collisions at $\sqrt{s} =$ 7 TeV}",
      collaboration  = "CMS",
      journal        = "JHEP",
      volume         = "12",
      year           = "2013",
      pages          = "039",
      doi            = "10.1007/JHEP12(2013)039",
      eprint         = "1310.1349",
      archivePrefix  = "arXiv",
      primaryClass   = "hep-ex",
      reportNumber   = "CMS-EWK-11-015, CERN-PH-EP-2013-153",
      SLACcitation   = "%%CITATION = ARXIV:1310.1349;%%"
}

@article{Khachatryan:2011wq,
      author         = "Khachatryan, Vardan and others",
      title          = "{Measurement of $B\bar{B}$ Angular Correlations based on
                        Secondary Vertex Reconstruction at $\sqrt{s}=7$ TeV}",
      collaboration  = "CMS",
      journal        = "JHEP",
      volume         = "03",
      year           = "2011",
      pages          = "136",
      doi            = "10.1007/JHEP03(2011)136",
      eprint         = "1102.3194",
      archivePrefix  = "arXiv",
      primaryClass   = "hep-ex",
      reportNumber   = "CERN-PH-EP-10-093, CMS-BPH-10-010",
      SLACcitation   = "%%CITATION = ARXIV:1102.3194;%%"
}

@article{Abachi:1994kj,
      author         = "Abachi, S. and others",
      title          = "{Inclusive $\mu$ and $B$ quark production cross-sections
                        in $p\bar{p}$ collisions at $\sqrt{s} = 1.8$ TeV}",
      collaboration  = "D0",
      journal        = "Phys. Rev. Lett.",
      volume         = "74",
      year           = "1995",
      pages          = "3548-3552",
      doi            = "10.1103/PhysRevLett.74.3548",
      reportNumber   = "FERMILAB-PUB-94-409-E",
      SLACcitation   = "%%CITATION = PRLTA,74,3548;%%"
}

@article{Abbott:1999wu,
      author         = "Abbott, B. and others",
      title          = "{Small angle muon and bottom quark production in
                        $p\bar{p}$ collisions at $\sqrt{s} = 1.8$ TeV}",
      collaboration  = "D0",
      journal        = "Phys. Rev. Lett.",
      volume         = "84",
      year           = "2000",
      pages          = "5478-5483",
      doi            = "10.1103/PhysRevLett.84.5478",
      eprint         = "hep-ex/9907029",
      archivePrefix  = "arXiv",
      primaryClass   = "hep-ex",
      reportNumber   = "FERMILAB-PUB-99-202-E",
      SLACcitation   = "%%CITATION = HEP-EX/9907029;%%"
}

@article{Aaltonen:2007zza,
      author         = "Aaltonen, T. and others",
      title          = "{Measurement of correlated $b^- \bar{b}$ production in
                        $p^- \bar{p}$ collisions at $\sqrt{s}$ = 1960 GeV}",
      collaboration  = "CDF",
      journal        = "Phys. Rev.",
      volume         = "D77",
      year           = "2008",
      pages          = "072004",
      doi            = "10.1103/PhysRevD.77.072004",
      eprint         = "0710.1895",
      archivePrefix  = "arXiv",
      primaryClass   = "hep-ex",
      reportNumber   = "FERMILAB-PUB-07-500-E",
      SLACcitation   = "%%CITATION = ARXIV:0710.1895;%%"
}

@article{Abbott:1999se,
      author         = "Abbott, B. and others",
      title          = "{The $b\bar{b}$ production cross section and angular
                        correlations in $p\bar{p}$ collisions at $\sqrt{s} = 1.8$
                        TeV}",
      collaboration  = "D0",
      journal        = "Phys. Lett.",
      volume         = "B487",
      year           = "2000",
      pages          = "264-272",
      doi            = "10.1016/S0370-2693(00)00844-3",
      eprint         = "hep-ex/9905024",
      archivePrefix  = "arXiv",
      primaryClass   = "hep-ex",
      reportNumber   = "FERMILAB-PUB-99-144-E",
      SLACcitation   = "%%CITATION = HEP-EX/9905024;%%"
}

@article{Aad:2011rr,
      author         = "Aad, Georges and others",
      title          = "{Measurements of the electron and muon inclusive
                        cross-sections in proton-proton collisions at $\sqrt{s}=7$
                        TeV with the ATLAS detector}",
      collaboration  = "ATLAS",
      journal        = "Phys. Lett.",
      volume         = "B707",
      year           = "2012",
      pages          = "438-458",
      doi            = "10.1016/j.physletb.2011.12.054",
      eprint         = "1109.0525",
      archivePrefix  = "arXiv",
      primaryClass   = "hep-ex",
      reportNumber   = "CERN-PH-EP-2011-108",
      SLACcitation   = "%%CITATION = ARXIV:1109.0525;%%"
}

@article{Chatrchyan:2012hw,
      author         = "Chatrchyan, Serguei and others",
      title          = "{Measurement of the cross section for production of $b
                        b^-$ bar $X$, decaying to muons in $pp$ collisions at
                        $\sqrt{s}=7$ TeV}",
      collaboration  = "CMS",
      journal        = "JHEP",
      volume         = "06",
      year           = "2012",
      pages          = "110",
      doi            = "10.1007/JHEP06(2012)110",
      eprint         = "1203.3458",
      archivePrefix  = "arXiv",
      primaryClass   = "hep-ex",
      reportNumber   = "CMS-BPH-10-015, CERN-PH-EP-2012-057",
      SLACcitation   = "%%CITATION = ARXIV:1203.3458;%%"
}

@article{Aaltonen:2008mt,
      author         = "Aaltonen, T. and others",
      title          = "{Measurement of Cross Sections for $b$ Jet Production in
                        Events with a $Z$ Boson in $p^-$ anti-p Collisions at
                        $\sqrt{s}$ = 1.96-TeV}",
      collaboration  = "CDF",
      journal        = "Phys. Rev.",
      volume         = "D79",
      year           = "2009",
      pages          = "052008",
      doi            = "10.1103/PhysRevD.79.052008",
      eprint         = "0812.4458",
      archivePrefix  = "arXiv",
      primaryClass   = "hep-ex",
      reportNumber   = "FERMILAB-PUB-08-576-E",
      SLACcitation   = "%%CITATION = ARXIV:0812.4458;%%"
}

@article{Aaltonen:2009qi,
      author         = "Aaltonen, T. and others",
      title          = "{First Measurement of the b-jet Cross Section in Events
                        with a W Boson in p anti-p Collisions at s**(1/2) =
                        1.96-TeV}",
      collaboration  = "CDF",
      journal        = "Phys. Rev. Lett.",
      volume         = "104",
      year           = "2010",
      pages          = "131801",
      doi            = "10.1103/PhysRevLett.104.131801",
      eprint         = "0909.1505",
      archivePrefix  = "arXiv",
      primaryClass   = "hep-ex",
      reportNumber   = "FERMILAB-PUB-09-416-E",
      SLACcitation   = "%%CITATION = ARXIV:0909.1505;%%"
}

@article{Aaltonen:2013ama,
      author         = "Aaltonen, T. and others",
      title          = "{Measurement of the cross section for direct-photon
                        production in association with a heavy quark in $p\bar{p}$
                        collisions at $\sqrt{s}$ = 1.96 TeV}",
      collaboration  = "CDF",
      journal        = "Phys. Rev. Lett.",
      volume         = "111",
      year           = "2013",
      number         = "4",
      pages          = "042003",
      doi            = "10.1103/PhysRevLett.111.042003",
      eprint         = "1303.6136",
      archivePrefix  = "arXiv",
      primaryClass   = "hep-ex",
      reportNumber   = "FERMILAB-PUB-13-082-E",
      SLACcitation   = "%%CITATION = ARXIV:1303.6136;%%"
}

@article{Abazov:2015aha,
      author         = "Abazov, V. M. and others",
      title          = "{Measurement of the ratio of inclusive cross sections
                        $\sigma (p\bar{p} \rightarrow Z+2~b \text{jets}) / \sigma
                        (p\bar{p} \rightarrow Z+ \text{2 jets})$ in $p\bar{p}$
                        collisions at $\sqrt s=1.96$ TeV}",
      collaboration  = "D0",
      journal        = "Phys. Rev.",
      volume         = "D91",
      year           = "2015",
      number         = "5",
      pages          = "052010",
      doi            = "10.1103/PhysRevD.91.052010",
      eprint         = "1501.05325",
      archivePrefix  = "arXiv",
      primaryClass   = "hep-ex",
      reportNumber   = "FERMILAB-PUB-15-013-E",
      SLACcitation   = "%%CITATION = ARXIV:1501.05325;%%"
}

@article{Abazov:2013uza,
      author         = "Abazov, Victor Mukhamedovich and others",
      title          = "{Measurement of the ratio of differential cross sections
                        ${\sigma}(p\bar{p} \to Z + b jet)/{\sigma}(p\bar{p} \to Z
                        + jet)$ in $p\bar{p}$ collisions at $\sqrt(s)=1.96$ TeV}",
      collaboration  = "D0",
      journal        = "Phys. Rev.",
      volume         = "D87",
      year           = "2013",
      number         = "9",
      pages          = "092010",
      doi            = "10.1103/PhysRevD.87.092010",
      eprint         = "1301.2233",
      archivePrefix  = "arXiv",
      primaryClass   = "hep-ex",
      reportNumber   = "FERMILAB-PUB-13-011-E",
      SLACcitation   = "%%CITATION = ARXIV:1301.2233;%%"
}

@article{Abazov:2014fka,
      author         = "Abazov, Victor Mukhamedovich and others",
      title          = "{Measurement of the $W+b$-jet and $W+c$-jet differential
                        production cross sections in $p\bar{p}$ collisions at
                        $\sqrt{s}=1.96$ TeV}",
      collaboration  = "D0",
      journal        = "Phys. Lett.",
      volume         = "B743",
      year           = "2015",
      pages          = "6-14",
      doi            = "10.1016/j.physletb.2015.02.012",
      eprint         = "1412.5315",
      archivePrefix  = "arXiv",
      primaryClass   = "hep-ex",
      reportNumber   = "FERMILAB-PUB-14-525-E",
      SLACcitation   = "%%CITATION = ARXIV:1412.5315;%%"
}

@article{Chatrchyan:2014dha,
      author         = "Chatrchyan, Serguei and others",
      title          = "{Measurement of the production cross sections for a Z
                        boson and one or more b jets in pp collisions at sqrt(s) =
                        7 TeV}",
      collaboration  = "CMS",
      journal        = "JHEP",
      volume         = "06",
      year           = "2014",
      pages          = "120",
      doi            = "10.1007/JHEP06(2014)120",
      eprint         = "1402.1521",
      archivePrefix  = "arXiv",
      primaryClass   = "hep-ex",
      reportNumber   = "CMS-SMP-13-004, CERN-PH-EP-2014-005",
      SLACcitation   = "%%CITATION = ARXIV:1402.1521;%%"
}

@article{Abbiendi:2000zt,
      author         = "Abbiendi, G. and others",
      title          = "{Production rates of b anti-b quark pairs from gluons and
                        b anti-b b anti-b events in hadronic Z0 decays}",
      collaboration  = "OPAL",
      journal        = "Eur. Phys. J.",
      volume         = "C18",
      year           = "2001",
      pages          = "447-460",
      doi            = "10.1007/s100520100580",
      eprint         = "hep-ex/0010029",
      archivePrefix  = "arXiv",
      primaryClass   = "hep-ex",
      reportNumber   = "CERN-EP-2000-123",
      SLACcitation   = "%%CITATION = HEP-EX/0010029;%%"
}

@article{Abe:2001csa,
      author         = "Abe, Koya and others",
      title          = "{Improved measurement of the probability for gluon
                        splitting into b anti-b in Z0 decays}",
      collaboration  = "SLD",
      journal        = "Phys. Lett.",
      volume         = "B507",
      year           = "2001",
      pages          = "61-69",
      doi            = "10.1016/S0370-2693(01)00367-7",
      eprint         = "hep-ex/0102002",
      archivePrefix  = "arXiv",
      primaryClass   = "hep-ex",
      reportNumber   = "SLAC-PUB-8737",
      SLACcitation   = "%%CITATION = HEP-EX/0102002;%%"
}
@article{Banfi:2007gu,
      author         = "Banfi, Andrea and Salam, Gavin P. and Zanderighi, Giulia",
      title          = "{Accurate QCD predictions for heavy-quark jets at the
                        Tevatron and LHC}",
      journal        = "JHEP",
      volume         = "07",
      year           = "2007",
      pages          = "026",
      doi            = "10.1088/1126-6708/2007/07/026",
      eprint         = "0704.2999",
      archivePrefix  = "arXiv",
      primaryClass   = "hep-ph",
      reportNumber   = "BICOCCA-FT-07-5, CERN-PH-TH-07-067",
      SLACcitation   = "%%CITATION = ARXIV:0704.2999;%%"
}






@article{ATL-COM-PHYS-2014-767,
      title         = "{Measurement of Color Flow in $t\bar{t}$}",
      journal        = "ATL-COM-PHYS-2014-767",
      year          = "2014",
      url = "https://cds.cern.ch/record/1728288",
}
@article{D'Agostini:1994zf,
      author         = "D'Agostini, G.",
      title          = "{A Multidimensional unfolding method based on Bayes'
                        theorem}",
      journal        = "Nucl. Instrum. Meth.",
      volume         = "A362",
      pages          = "487-498",
      doi            = "10.1016/0168-9002(95)00274-X",
      year           = "1995",
      reportNumber   = "DESY-94-099",
      SLACcitation   = "%%CITATION = NUIMA,A362,487;%%",
}
@article{Adye:2011gm,
      author         = "Adye, Tim",
      title          = "{Unfolding algorithms and tests using RooUnfold}",
      year           = "2011",
      eprint         = "1105.1160",
      archivePrefix  = "arXiv",
      primaryClass   = "physics.data-an",
      SLACcitation   = "%%CITATION = ARXIV:1105.1160;%%",
}


@techreport{Armbruster:1694351,
      author        = "Armbruster, A and Kroeninger, K and Malaescu, B and Spano",
      title         = "{Practical considerations for unfolding}",
      number        = "ATL-COM-PHYS-2014-277",
      reportNumber  = "ATL-COM-PHYS-2014-277",
      institution   = "CERN",
      address       = "Geneva",
      month         = "Apr",
      year          = "2014",
      url = "https://cds.cern.ch/record/1694351",
}


@misc{unfolding,
     howpublished     = "\url{https://twiki.cern.ch/twiki/bin/viewauth/AtlasProtected/StandardModelUnfolding}",
}
@article{1693534,
      title         = "{Measuring the Jet Charge Distribution with ATLAS}",
      journal        = "ATL-COM-PHYS-2014-274",
      year          = "2014",
      url           = "https://cds.cern.ch/record/1693534",
}
@article{Frederix:2013gra,
      author         = "Frederix, Rikkert",
      title          = "{Top Quark Induced Backgrounds to Higgs Production in the
                        $WW^{(*)}\to ll\nu\nu$ Decay Channel at
                        Next-to-Leading-Order in QCD}",
      journal        = "Phys. Rev. Lett.",
      volume         = "112",
      year           = "2014",
      number         = "8",
      pages          = "082002",
      doi            = "10.1103/PhysRevLett.112.082002",
      eprint         = "1311.4893",
      archivePrefix  = "arXiv",
      primaryClass   = "hep-ph",
      SLACcitation   = "%%CITATION = ARXIV:1311.4893;%%"
}
@article{Cascioli:2013wga,
      author         = "Cascioli, F. and others",
      title          = "{A unified NLO description of top-pair and associated Wt
                        production}",
      journal        = "Eur. Phys. J.",
      volume         = "C74",
      year           = "2014",
      number         = "3",
      pages          = "2783",
      doi            = "10.1140/epjc/s10052-014-2783-9",
      eprint         = "1312.0546",
      archivePrefix  = "arXiv",
      primaryClass   = "hep-ph",
      reportNumber   = "ZU-TH-28-13, LPN13-108",
      SLACcitation   = "%%CITATION = ARXIV:1312.0546;%%"
}
@article{Aaboud:2016lwz,
      title          = "{Search for top squarks in final states with one isolated
                        lepton, jets, and missing transverse momentum in
                        $\sqrt{s}=13$ TeV $pp$ collisions with the ATLAS
                        detector}",
      collaboration  = "ATLAS",
      journal        = "Phys. Rev.",
      volume         = "D94",
      year           = "2016",
      number         = "5",
      pages          = "052009",
      doi            = "10.1103/PhysRevD.94.052009",
      eprint         = "1606.03903",
      archivePrefix  = "arXiv",
      primaryClass   = "hep-ex",
      reportNumber   = "CERN-EP-2016-113",
      SLACcitation   = "%%CITATION = ARXIV:1606.03903;%%"
}
@article{Abulaiti:2133094,
      title         = "{Search for top squarks in final states with one isolated
                       lepton, jets, and missing transverse momentum in
                       $\sqrt{s}=13$ TeV $pp$ collisions with the ATLAS detector [Support note]}",
      article        = "ATL-COM-PHYS-2016-157",
      year          = "2016",
      url           = "https://cds.cern.ch/record/2133094",
}
@article{ATL-PHYS-PUB-2016-004,
      title         = "{Simulation of top quark production for the ATLAS
                       experiment at sqrt(s) = 13 TeV}",
      journal        = "ATL-PHYS-PUB-2016-004",
      year          = "2016",
      url           = "https://cds.cern.ch/record/2120417",
}
@article{ATL-PHYS-PUB-2016-020,
      title         = "{Studies on top-quark Monte Carlo modelling for Top2016}",
      collaboration = "ATLAS",
      month         = "Sep",
      journal  = "ATL-PHYS-PUB-2016-020",
      url           = "https://cds.cern.ch/record/2216168",
}
@article{Frixione:2008yi,
      author         = "Frixione, Stefano and Laenen, Eric and Motylinski,
                        Patrick and Webber, Bryan R. and White, Chris D.",
      title          = "{Single-top hadroproduction in association with a W
                        boson}",
      journal        = "JHEP",
      volume         = "07",
      year           = "2008",
      pages          = "029",
      doi            = "10.1088/1126-6708/2008/07/029",
      eprint         = "0805.3067",
      archivePrefix  = "arXiv",
      primaryClass   = "hep-ph",
      reportNumber   = "CERN-TH-2008-104, ITP-UU-08-27, NIKHEF-2008-005,
                        ITFA-2008-16, CAVENDISH-HEP-08-06",
      SLACcitation   = "%%CITATION = ARXIV:0805.3067;%%"
}
@article{Re:2010bp,
      author         = "Re, Emanuele",
      title          = "{Single-top Wt-channel production matched with parton
                        showers using the POWHEG method}",
      journal        = "Eur. Phys. J.",
      volume         = "C71",
      year           = "2011",
      pages          = "1547",
      doi            = "10.1140/epjc/s10052-011-1547-z",
      eprint         = "1009.2450",
      archivePrefix  = "arXiv",
      primaryClass   = "hep-ph",
      reportNumber   = "IPPP-10-74, DCPT-10-148",
      SLACcitation   = "%%CITATION = ARXIV:1009.2450;%%"
}
@article{White:2009yt,
      author         = "White, Chris D. and Frixione, Stefano and Laenen, Eric
                        and Maltoni, Fabio",
      title          = "{Isolating Wt production at the LHC}",
      journal        = "JHEP",
      volume         = "11",
      year           = "2009",
      pages          = "074",
      doi            = "10.1088/1126-6708/2009/11/074",
      eprint         = "0908.0631",
      archivePrefix  = "arXiv",
      primaryClass   = "hep-ph",
      reportNumber   = "NIKHEF-2009-013, CERN-TH-2009-136, ITF-UU-09-31,
                        CP3-09-33",
      SLACcitation   = "%%CITATION = ARXIV:0908.0631;%%"
}
@article{Hollik:2012rc,
      author         = "Hollik, Wolfgang and Lindert, Jonas M. and Pagani,
                        Davide",
      title          = "{NLO corrections to squark-squark production and decay at
                        the LHC}",
      journal        = "JHEP",
      volume         = "03",
      year           = "2013",
      pages          = "139",
      doi            = "10.1007/JHEP03(2013)139",
      eprint         = "1207.1071",
      archivePrefix  = "arXiv",
      primaryClass   = "hep-ph",
      reportNumber   = "MPP-2012-106",
      SLACcitation   = "%%CITATION = ARXIV:1207.1071;%%"
}
@article{Demartin:2016axk,
      author         = "Demartin, Federico and Maier, Benedikt and Maltoni, Fabio
                        and Mawatari, Kentarou and Zaro, Marco",
      title          = "{tWH associated production at the LHC}",
      year           = "2016",
      eprint         = "1607.05862",
      archivePrefix  = "arXiv",
      primaryClass   = "hep-ph",
      reportNumber   = "MCNET-16-30, CP3-16-40, LPSC16158",
      SLACcitation   = "%%CITATION = ARXIV:1607.05862;%%"
}
@article{Jezo:2015aia,
      author         = "Je\v{z}o, Tom\'{a}\v{s} and Nason, Paolo",
      title          = "{On the Treatment of Resonances in Next-to-Leading Order
                        Calculations Matched to a Parton Shower}",
      journal        = "JHEP",
      volume         = "12",
      year           = "2015",
      pages          = "065",
      doi            = "10.1007/JHEP12(2015)065",
      eprint         = "1509.09071",
      archivePrefix  = "arXiv",
      primaryClass   = "hep-ph",
      SLACcitation   = "%%CITATION = ARXIV:1509.09071;%%"
}
@article{Jezo:2016ujg,
      author         = "Je\v{z}o, Tom\'{a}\v{s} and Lindert, Jonas M. and Nason, Paolo and
                        Oleari, Carlo and Pozzorini, Stefano",
      title          = "{An NLO+PS generator for $t\bar{t}$ and $Wt$ production
                        and decay including non-resonant and interference
                        effects}",
      year           = "2016",
      eprint         = "1607.04538",
      archivePrefix  = "arXiv",
      primaryClass   = "hep-ph",
      reportNumber   = "ZU-TH-22-16",
      SLACcitation   = "%%CITATION = ARXIV:1607.04538;%%"
}
@techreport{ATLAS-CONF-2016-076,
      title         = "{Search for direct top squark pair production and dark
                       matter production in final states with two leptons in
                       $\sqrt{s} = 13$ TeV $pp$ collisions using 13.3 fb$^{-1}$ of
                       ATLAS data}",
      institution   = "CERN",
      collaboration = "ATLAS Collaboration",
      address       = "Geneva",
      number        = "ATLAS-CONF-2016-076",
      month         = "Aug",
      year          = "2016",
      reportNumber  = "ATLAS-CONF-2016-076",
      url           = "https://cds.cern.ch/record/2206249",
}
@techreport{Carra:2151993,
      title         = "{Search for top squark pair production in final states
                       with two leptons and two b-jets (hadronic MT2 analysis) [Support note]}",
      institution   = "CERN",
      address       = "Geneva",
      number        = "ATL-COM-PHYS-2016-507",
      month         = "May",
      year          = "2016",
      reportNumber  = "ATL-COM-PHYS-2016-507",
      url           = "https://cds.cern.ch/record/2151993",
}
@techreport{ATLAS-CONF-2016-077,
      title         = "{Search for the Supersymmetric Partner of the Top Quark in
                       the Jets+Emiss Final State at sqrt(s) = 13 TeV}",
      institution   = "CERN",
      collaboration = "ATLAS Collaboration",
      address       = "Geneva",
      number        = "ATLAS-CONF-2016-077",
      month         = "Aug",
      year          = "2016",
      reportNumber  = "ATLAS-CONF-2016-077",
      url           = "https://cds.cern.ch/record/2206250",
}
@techreport{Begel:2012024,
      title         = "{Search for the Supersymmetric Partner of the Top Quark in
                       the Jets$+ E_{\mathrm T}^{\mathrm {miss}}$ Final State at
                       $\sqrt{s}=13$ TeV [Suppor note]}",
      institution   = "CERN",
      address       = "Geneva",
      number        = "ATL-COM-PHYS-2015-328",
      month         = "Apr",
      year          = "2015",
      reportNumber  = "ATL-COM-PHYS-2015-328",
      url           = "https://cds.cern.ch/record/2012024",
}
@techreport{Anders:1745975,
      title         = "{Search for direct sbottom or stop pair production in
                       final states containing a top, a bottom and Missing
                       Transverse Energy [Support note]}",
      institution   = "CERN",
      address       = "Geneva",
      number        = "ATL-COM-PHYS-2014-912",
      month         = "Jul",
      year          = "2014",
      reportNumber  = "ATL-COM-PHYS-2014-912",
      url           = "https://cds.cern.ch/record/1745975",
}
@article{Aad:2015pfx,
      title          = "{ATLAS Run 1 searches for direct pair production of
                        third-generation squarks at the Large Hadron Collider}",
      collaboration  = "ATLAS",
      journal        = "Eur. Phys. J.",
      volume         = "C75",
      year           = "2015",
      number         = "10",
      pages          = "510",
      doi            = "10.1140/epjc/s10052-015-3726-9,
                        10.1140/epjc/s10052-016-3935-x",
      note           = "[Erratum: Eur. Phys. J.C76,no.3,153(2016)]",
      eprint         = "1506.08616",
      archivePrefix  = "arXiv",
      primaryClass   = "hep-ex",
      reportNumber   = "CERN-PH-EP-2015-138",
      SLACcitation   = "%%CITATION = ARXIV:1506.08616;%%"
}
@article{Aad:2015eto,
      author         = "Aad, Georges and others",
      title          = "{Measurement of the production cross-section of a single
                        top quark in association with a $W$ boson at 8 TeV with
                        the ATLAS experiment}",
      collaboration  = "ATLAS",
      journal        = "JHEP",
      volume         = "01",
      year           = "2016",
      pages          = "064",
      doi            = "10.1007/JHEP01(2016)064",
      eprint         = "1510.03752",
      archivePrefix  = "arXiv",
      primaryClass   = "hep-ex",
      reportNumber   = "CERN-PH-2015-230, CERN-PH-EP-2015-230",
      SLACcitation   = "%%CITATION = ARXIV:1510.03752;%%"
}
@techreport{ATLAS-CONF-2016-065,
      title         = "{Measurement of the cross-section of the production of a
                       $W$ boson in association with a single top quark with ATLAS
                       at $\sqrt{s}=13\,\mathrm{TeV}$}",
      institution   = "CERN",
      collaboration = "ATLAS Collaboration",
      address       = "Geneva",
      number        = "ATLAS-CONF-2016-065",
      month         = "Aug",
      year          = "2016",
      reportNumber  = "ATLAS-CONF-2016-065",
      url           = "https://cds.cern.ch/record/2206207",
}
@article{Chatrchyan:2014tua,
      author         = "Chatrchyan, Serguei and others",
      title          = "{Observation of the associated production of a single top
                        quark and a $W$ boson in $pp$ collisions at $\sqrt s = $8
                        TeV}",
      collaboration  = "CMS",
      journal        = "Phys. Rev. Lett.",
      volume         = "112",
      year           = "2014",
      number         = "23",
      pages          = "231802",
      doi            = "10.1103/PhysRevLett.112.231802",
      eprint         = "1401.2942",
      archivePrefix  = "arXiv",
      primaryClass   = "hep-ex",
      reportNumber   = "CMS-TOP-12-040, CERN-PH-EP-2013-237",
      SLACcitation   = "%%CITATION = ARXIV:1401.2942;%%"
}
@article{Chatrchyan:2012zca,
      author         = "Chatrchyan, Serguei and others",
      title          = "{Evidence for associated production of a single top quark
                        and W boson in $pp$ collisions at $\sqrt{s}$ = 7 TeV}",
      collaboration  = "CMS",
      journal        = "Phys. Rev. Lett.",
      volume         = "110",
      year           = "2013",
      pages          = "022003",
      doi            = "10.1103/PhysRevLett.110.022003",
      eprint         = "1209.3489",
      archivePrefix  = "arXiv",
      primaryClass   = "hep-ex",
      reportNumber   = "CMS-TOP-11-022, CERN-PH-EP-2012-266",
      SLACcitation   = "%%CITATION = ARXIV:1209.3489;%%"
}
@article{Aad:2012xca,
      author         = "Aad, Georges and others",
      title          = "{Evidence for the associated production of a $W$ boson
                        and a top quark in ATLAS at $\sqrt{s}=7$ TeV}",
      collaboration  = "ATLAS",
      journal        = "Phys. Lett.",
      volume         = "B716",
      year           = "2012",
      pages          = "142-159",
      doi            = "10.1016/j.physletb.2012.08.011",
      eprint         = "1205.5764",
      archivePrefix  = "arXiv",
      primaryClass   = "hep-ex",
      reportNumber   = "CERN-PH-EP-2012-117",
      SLACcitation   = "%%CITATION = ARXIV:1205.5764;%%"
}

@misc{btagrec,
  author="{ATLAS b-tagging CP Group}",
      title         = "{Flavour Tagging calibration results in 2014}",
      url        = "https://twiki.cern.ch/twiki/bin/view/AtlasProtected/BTagCalib2014",
}

@article{staco,
      author       = "Hassani, S and others",
      title        = "{A muon identification and combined reconstruction procedure for the ATLAS detector at the LHC using the (MUONBOY, STACO, MuTag) reconstruction packages}",
      journal      = "NIM A",
      volume       = 572,
      year         = 2007,
      pages        = "77–79",
}

@article{Aad:2013ucp,
      collaboration  = "ATLAS",
      title          = "{Improved luminosity determination in pp collisions at
                        $\sqrt{s}=7$~TeV using the ATLAS detector at the LHC}",
      year           = "2013",
      eprint         = "1302.4393",
      archivePrefix  = "arXiv",
      primaryClass   = "hep-ex",
      reportNumber   = "CERN-PH-EP-2013-026",
      journal        = "submitted to Eur. Phys. J.",
      SLACcitation   = "%%CITATION = ARXIV:1302.4393;%%",
}

@Article{detPaper,
      collaboration  = "{ATLAS}",
	    title        = "{The ATLAS Experiment at the CERN Large Hadron Collider}",
	    journal      = "JINST",
	    volume       = 3,
	    year         = 2008,
	    pages        = "S08003",
	    doi          = "10.1088/1748-0221/3/08/S08003",
        SLACcitation = "%%CITATION = JINST,3,S08003;%%"
}



@article{MC12AU2,
      title          = "{Summary of ATLAS Pythia 8 tunes}",
      collaboration  = "ATLAS",
      year           = "2012",
      report         = "\href{http://cdsweb.cern.ch/record/1474107}{ATL-PHYS-PUB-2012-003}",
      url            = "http://cdsweb.cern.ch/record/1474107",
      SLACcitation   = "%%CITATION = ATL-PHYS-PUB-2012-003 ETC.;%%",
}



@Article{Geant4,
     collaboration  = "GEANT4",
     title          = "{GEANT4: A simulation toolkit}",
     journal        = "Nucl. Instrum. Meth.",
     volume         = "A 506",
     year           = "2003",
     pages          = "250",
     doi            = "10.1016/S0168-9002(03)01368-8",
     SLACcitation   = "%%CITATION = NUIMA,A506,250;%%"
}


@article{simulation,
      title          = "{The {ATLAS} simulation infrastructure}",
      collaboration  = "ATLAS",
      journal        = "Eur. Phys. J.",
      volume         = "C 70",
      pages          = "823",
      year           = "2010",
      eprint         = "1005.4568",
      archivePrefix  = "arXiv",
      primaryClass   = "physics.ins-det",
      doi            = "10.1140/epjc/s10052-010-1429-9",
}

@article{Cacciari:2008gp,
      author         = "Cacciari, Matteo and Salam, Gavin P. and Soyez, Gregory",
      title          = "{The anti-k$_t$ jet clustering algorithm}",
      journal        = "JHEP",
      volume         = "04",
      pages          = "063",
      doi            = "10.1088/1126-6708/2008/04/063",
      year           = "2008",
      eprint         = "0802.1189",
      archivePrefix  = "arXiv",
      primaryClass   = "hep-ph",
      reportNumber   = "LPTHE-07-03",
      SLACcitation   = "%%CITATION = ARXIV:0802.1189;%%",
}

@article{Cacciari:200657,
      author         = "Cacciari, Matteo and Salam, Gavin P.",
      title          = "{Dispelling the $N^{3}$ myth for the $k_t$ jet-finder}",
      journal        = "Phys. Lett.",
      volume         = "B 641",
      pages          = "57",
      doi            = "10.1016/j.physletb.2006.08.037",
      year           = "2006",
      eprint         = "hep-ph/0512210",
      archivePrefix  = "arXiv",
      primaryClass   = "hep-ph",
      reportNumber   = "LPTHE-05-32",
      SLACcitation   = "%%CITATION = HEP-PH/0512210;%%",
}


@article{Cacciari:2011ma,
      author         = "Cacciari, Matteo and Salam, Gavin P. and Soyez, Gregory",
      title          = "{FastJet User Manual}",
      journal        = "Eur. Phys. J.",
      volume         = "C 72",
      pages          = "1896",
      doi            = "10.1140/epjc/s10052-012-1896-2",
      year           = "2012",
      eprint         = "1111.6097",
      archivePrefix  = "arXiv",
      primaryClass   = "hep-ph",
      reportNumber   = "CERN-PH-TH-2011-297",
      SLACcitation   = "%%CITATION = ARXIV:1111.6097;%%",
}

@Article{Krohn2010,
      author         = "Krohn, D. and Thaler, J. and Wang, L.-T.",
      title          = "{Jet Trimming}",
      journal        = "JHEP",
      volume         = "02",
      pages          = "084",
      doi            = "10.1007/JHEP02(2010)084",
      year           = "2010",
      eprint         = "0912.1342",
      archivePrefix  = "arXiv",
      primaryClass   = "hep-ph",
      SLACcitation   = "%%CITATION = ARXIV:0912.1342;%%",
}

@article{highptcalib,
      title          = "{Measurement of the b-jet tagging efficiency in di-jet events}",
      author         = "Skovpen, K.",
      year           = "2012",
      report       = "\href{http://cdsweb.cern.ch/record/1476016}{ATL-COM-PHYS-2012-1331}",
      url            = "http://cdsweb.cern.ch/record/1476016",
      SLACcitation   = "%%CITATION = ATL-COM-PHYS-2012-1331",
}

@article{4bpaper,
      title          = "{Search for diboson resonances decaying to 4 b-jets with the ATLAS detector in the boosted and resolved regime}",
      author         = "ATLAS Collaboration",
      year           = "2015",
      journal        = "JHEP",
      doi            = "JHEP06(2015)011",
      archivePrefix 	= "arXiv",
      eprint 		= "1506.00285",   
      primaryClass 	= "hep-ex"
}



%%%%%%%%%%%%%%%%%%%%%%%%%%%%%%%%%%%%%%%%%%%%%%%%%%%%%%%%%%%%%%%%%%%%%%%%%%%%%%%
% Below are examples
%%%%%%%%%%%%%%%%%%%%%%%%%%%%%%%%%%%%%%%%%%%%%%%%%%%%%%%%%%%%%%%%%%%%%%%%%%%%%%%


% Example 1: How to cite a paper from an LHC Collaboration 
% The name of the first author must NOT appear, hence the use of xauthor instead of author in this example.
@Article{lhcCollaboration:2012,  
	xauthor 		= "Aad, G and others", 
	title 			= "{Searches for supersymmetry with the ATLAS detector using final states with two leptons 
					and missing transverse momentum in $\sqrt{s} =$~7 TeV proton-proton collisions}",
	collaboration 	= "ATLAS",
	journal 		= plb,  
	volume 		= "709",
	pages 		= "137",  
	doi 			= "10.1016/j.physletb.2012.01.076",
	year 			= "2012",
	archivePrefix 	= "arXiv",
	eprint 		= "1110.6189",   
	primaryClass 	= "hep-ex"
} 

% Example 2: How to cite a paper from any other Collaboration
% The name of the first author MUST appear.
@Article{otherCollaboration:2007,
	author		= "Alver, B. and others",
	title			= "{Cluster properties from two-particle angular correlations in p+p collisions at $\sqrt{s}=200$ GeV and 410 GeV}",
	collaboration	= "PHOBOS",
	journal		= prc,
	volume		= "75",
	pages		= "054913",
	doi			= "10.1103/PhysRevC.75.054913",
	year			= "2007",
	archivePrefix	= "arXiv",
	eprint		= "0704.0966",
	primaryClass	= "hep-ex"
}

% Example 3: How to cite a paper from individual authors
@Article{authors:2008,
	author		= "Sherstnev, A. and Thorne, R. S.",
	title			= "{Parton distributions for LO generators}",
	journal		= epjc,
	volume		= "55",
	pages		= "553",
	doi			= "10.1140/epjc/s10052-008-0610-x",
	year			= "2008",
	archivePrefix	= "arXiv",
	eprint		= "0711.2473",
	primaryClass	= "hep-ph"
}

% Example 4: How to cite an arXiv only paper
@Article{arxivOnly:2009,
	author		= "Skands, P. Z.",
	title			= "{The Perugia tunes}",
	archivePrefix	= "arXiv",
	eprint		= "0905.3418",
	primaryClass	= "hep-ph"
}

% Example 5: How to cite an arXiv only paper submitted to a journal
@Article{arxivSub:2011,
	author		= "Monk, J and Oropeza-Barrera, C",
	title			= "{The HBOM method for unfolding detector effects}",
	journal		= "submitted to Nucl. Instrum. Meth.",
	year			= "2011",
	archivePrefix	= "arXiv",
	eprint		= "1111.4869",
	primaryClass	= "hep-ex"
}

% Example 6: How to cite an ATLAS CONF note
% The name of the first author must NOT appear, hence the use of xauthor instead of author in this example.
@Article{atlasConf:2012,
	xauthor		= "Aad, G and others",
	collaboration	= "ATLAS",
	title			= "{Search for gluino-mediated scalar top and bottom quark production in final states with missing transverse energy and at least three b-jets with the ATLAS Detector}",
	journal		= "ATLAS-CONF-2012-058",
	url			= "http://cdsweb.cern.ch/record/1453786"	
}







%%%%%%%%%%%%%%%%%%%%%%%%%%%%%%%%%%%%%%%%%%


@article{PhenoBBBB,
  title = "Boosted $hh\rightarrow b\overline{b}b\overline{b}$: A new topology in searches for TeV-scale resonances at the LHC",
  author = "Cooper, Ben and Konstantinidis, Nikos and Lambourne, Luke and Wardrope, David",
  journal        = "Phys.Rev.",
  volume         = "D88",
  pages          = "114005",
  doi = "10.1103/PhysRevD.88.114005",
}



@Article{System8,
     author    = "{D0 Collaboration, V.M.~Abazov et al.}",
     title     = "{$b$-Jet identification in the D0 experiment}",
     journal   = "Nucl. Instr. Meth.",
     volume    = "A620",
     year      = 2010,
     pages     = "490-517",
     doi            = "10.1016/j.nima.2010.03.118",
     eprint         = "1002.4224",
     archivePrefix  = "arXiv",
     primaryClass   = "hep-ex",
}

@Article{TeVbflavours,
     author    = "{CDF Collaboration, T.~Aaltonen et al.}",
     title     = "{Measurement of Ratios of Fragmentation Fractions for
                  Bottom Hadrons in $p \bar{p}$ Collisions at $\sqrt{s} = 1.96$~TeV}",
     journal   = "Phys. Rev.",
     volume    = "D77",
     year      = 2008,
     pages     = 072003,
     eprint    = "0801.4375",
     archivePrefix = "arXiv",
     primaryClass  =  "hep-ex",
     doi       = "10.1103/PhysRevD.77.072003",
     SLACcitation  = "%%CITATION = 0801.4375;%%"
}

@Article{JER,
     author = "{ATLAS Collaboration}",
     title = "{Jet energy resolution and reconstruction efficiencies from in-situ techniques with the ATLAS Detector Using Proton-Proton Collisions at a Center of Mass Energy $\sqrt{s} = 7$~TeV}",
     institution = "CERN",
     address = "Geneva",
     report= "{ATLAS-CONF-2010-054}",
     month = "July",
     year = "2010",
     eprint = "http://cdsweb.cern.ch/record/1281311",
}
	
@Article{bxsecCONF,
     author = "{ATLAS Collaboration}",
     title = "{Measurement of the $b$-jet production cross section using muons in jets with ATLAS in pp Collisions at $\sqrt{s}=7$~TeV}",
     institution = "CERN",
     address = "Geneva",
     report= "{ATLAS-CONF-2011-057}",
     month = "April",
     year = "2011",
     eprint = "http://cdsweb.cern.ch/record/1343733",
}

@Article{AdvancedTaggers,
     author = "{ATLAS Collaboration}",
     title = "{Commissioning of high performance b-tagging algorithms with the ATLAS detector}",
     institution = "CERN",
     address = "Geneva",
     report= "{ATLAS-CONF-2011-102}",
     month = "July",
     year = "2011",
     eprint = "http://cdsweb.cern.ch/record/1369219"
}

@Article{2010CalibrationCONF,
      author = "{ATLAS Collaboration}",
       title = "{Calibrating the $b$-Tag Efficiency and Mistag Rate of the SV0 $b$-Tagging Algorithm in 3~pb$^{-1}$ of Data with the ATLAS Detector}",
 institution = "CERN",
     address = "Geneva",
      report = "{ATLAS-CONF-2010-099}",
month = "November",
year = "2010",
}

@Article{2011CalibrationCONF,
      author = "{ATLAS Collaboration}",
       title = "{Calibrating the $b$-Tag Efficiency and Mistag Rate in 35~pb$^{-1}$ of Data with the ATLAS Detector}",
 institution = "CERN",
     address = "Geneva",
      report = "{ATLAS-CONF-2011-089}",
       month = "June",
        year = "2011",
      eprint = "http://cdsweb.cern.ch/record/1356198"
}

@Article{2011System8CONF,
     author = "{ATLAS Collaboration}",
      title = "{$b$-tagging Efficiency Calibration in 35~pb$^{-1}$ of Data with the ATLAS Detector using the System8 Method}",
institution = "CERN",
    address = "Geneva",
     report = "{ATLAS-CONF-2011-143}",
      month = "October",
       year = 2011,
     eprint = "http://cdsweb.cern.ch/record/1386703"
}

@Article{trigger,
     author    = "{ATLAS Collaboration}",
     title     = "{Performance of the ATLAS Trigger System in 2010}",
     journal   = "Eur. Phys. J.",
     volume    = "C72",
     year      = "2012",
     pages     = "1849",
     doi       = "10.1140/epjc/s10052-011-1849-1",
}

@Article{pdg2010,
     author    = "{Particle Data Group, K.~Nakamura et al.}",
     title     = "{Review of particle physics}",
     journal   = "J. Phys.",
     volume    = "G37",
     year      = 2010,
     pages     = 075021,
     doi       = "10.1088/0954-3899/37/7A/075021",
}

@article{pdg2012,
      author         = "Beringer, J. and others",
      title          = "{Review of Particle Physics (RPP)}",
      journal        = "Phys. Rev.",
      volume         = "D86",
      pages          = 010001,
      doi            = "10.1103/PhysRevD.86.010001",
      year           = 2012,
      eprint         = {\textrm{and 2013 partial update for the 2014 edition}},
      SLACcitation   = "%%CITATION = PHRVA,D86,010001;%%",
}

@Article{babarpstare,
     author    = "Aubert, Bernard and others",
 collaboration = "BABAR",
     title     = "{Measurement of the electron energy spectrum and its
                  moments in inclusive $B \to X e \nu$ decays}",
     journal   = "Phys. Rev.",
     volume    = "D69",
     year      = "2004",
     pages     = "111104",
     doi       = "10.1103/PhysRevD.69.111104",
}

@Article{delphipstare,
     author    = "Abdallah, J and others",
 collaboration = "DELPHI",
     title     = "{Determination of heavy quark non-perturbative parameters from spectral moments in semileptonic B decays}",
     journal   = "Eur. Phys. J.",
     volume    = "C45",
     year      = "2006",
     pages     = "35-59",
}

@Article{ttbarCalibCONF,
      author = "{ATLAS Collaboration}",
       title = "{Measuring the $b$-tag efficiency in a \ttbar\ sample with 4.7~pb$^{-1}$ of data from the ATLAS detector}",
 institution = "CERN",
     address = "Geneva",
      report = "{ATLAS-CONF-2012-097}",
       month = "June",
        year = "2012",
      eprint = "http://cdsweb.cern.ch/record/1460443"
}

@Article{JES,
     author    = "{ATLAS Collaboration}",
     title     = "{Jet energy measurement with the ATLAS detector in proton-
                  proton collisions at $\sqrt{s} = 7$ TeV}",
      journal        = "Eur.Phys.J.",
      volume         = "C73",
      pages          = 2304,
      doi            = "10.1140/epjc/s10052-013-2304-2",
      year           = 2013,
      eprint         = "1112.6426",
      archivePrefix  = "arXiv",
      primaryClass   = "hep-ex",
     SLACcitation  = "%%CITATION = 1112.6426;%%"
}

@Article{bib:AtlasElectrons,
author = "{ATLAS Collaboration}",
title = "Improved electron reconstruction in ATLAS using the Gaussian Sum Filter-based model for bremsstrahlung",
institution = "CERN",
address = "Geneva",
report= "{ATLAS-CONF-2012-047}",
month = "May",
year = "2012",
}

@Article{bib:SingleTop2011,
author = "{ATLAS Collaboration}",
title = "Measurement of the $t$-channel Single Top-Quark Production Cross Section in $\unit[0.70]{\ifb}$ of $pp$ Collisions at $\sqrt{s} = 7$ TeV collected with the ATLAS detector",
institution = "CERN",
address = "Geneva",
report= "{ATLAS-CONF-2011-101}",
month = "July",
year = "2011",
}

@Article{bib:SingleTopPaper2012,
      author         = "{ATLAS Collaboration}",
      title          = "{Measurement of the $t$-channel single top-quark production cross section in $pp$ collisions at $\sqrt{s} = 7$ TeV with the ATLAS detector}",
      journal        = "Phys. Lett. B",
      volume         = 717,
      pages          = "330-350",
      year           = 2012,
      doi            = "10.1016/j.physletb.2012.09.031",
      eprint         = "1205.3130",
      archivePrefix  = "arXiv",
      primaryClass   =  "hep-ex",
      howpublished   = "{CERN-PH-EP-2012-082}",
      SLACcitation   = "%%CITATION = ARXIV:1205.3130;%%",
}

@Article{bib:TopPair2011,
            author = "{ATLAS Collaboration}",
      title        = "Measurement of the charge asymmetry in dileptonic decay of top quark pairs in $pp$ collisions at $\sqrt{s} = 7$ TeV using the ATLAS detector",
      institution  = "CERN",
      address      = "Geneva",
      report = "{ATLAS-CONF-2012-057}",
      month        = "Jun",
      year         = "2012",
}

@Article{bib:TopPair2012SingleLep,
author = "{ATLAS Collaboration}",
title = "{Measurement of the top quark pair cross section with ATLAS in $pp$ collisions at $\sqrt{s} = 7$ TeV using final states with an electron or a muon and a hadronically decaying tau lepton}",
institution = "CERN",
address = "Geneva",
howpublished= "{CERN-PH-EP-2012-102}",
month = "February",
year = "2012",
eprint    = "hep-exp/1205.2067",
archivePrefix = "arXiv",
}

@misc{bib:TopPair2012DiLep,
author = "{ATLAS Collaboration}",
title = "Measurement of the cross section for top-quark pair production in pp collisions at $\sqrt{s} = 7$ TeV with the ATLAS detector using final states with two high-$p_{T}$ leptons ",
institution = "CERN",
address = "Geneva",
howpublished= "{JHEP 1205 (2012) 059}",
month = "February",
year = "2012",
}



@misc{bib:TopPair2012FullHad,
author = "{ATLAS Collaboration}",
title = "Measurement of $\ttbar$ production in the all-hadronic channel in $\unit[4.7]{\ifb}$ of pp collisions at $\sqrt{s} = 7$ TeV with the ATLAS detector",
institution = "CERN",
address = "Geneva",
report= "{ATLAS-CONF-2012-031}",
month = "March",
year = "2012",
}

@Article{bib:TopPair2012Comb,
author = "{ATLAS Collaboration}",
title = "Statistical combination of top quark pair production cross-section measurements using dilepton, single-lepton, and all-hadronic final states at $\sqrt{s} = 7$ TeV with the ATLAS detector",
institution = "CERN",
address = "Geneva",
report= "{ATLAS-CONF-2012-024}",
month = "March",
year = "2012",
}

@Article{bib:ttbarChargAsym,
author = "{ATLAS Collaboration}",
title = "Measurement of the charge asymmetry in top quark pair production in pp collisions at $\sqrt{s} = 7$ TeV using the ATLAS detector",
journal = "Eur. Phys. J.",
volume = "C72",
pages          = 2039,
year = 2012,
doi            = "10.1140/epjc/s10052-012-2039-5",
eprint         = "1203.4211",
archivePrefix  = "arXiv",
primary-class  = "hep-ex"
}

@article{bib:mcatnlo,
author         = "Frixione, Stefano and Webber, Bryan R.",
      title          = "{The MC and NLO 3.4 Event Generator}",
      year           = "2008",
      eprint         = "0812.0770",
      archivePrefix  = "arXiv",
}


@article{bib:cteq66,
author    = "Nadolsky, P. M. and others",
title     = "Implications of CTEQ global analysis for collider observables",
journal   = "Phys. Rev.",
volume    = "D78",
year      = "2008",
pages     = "013004"
}

@Article{perugia,
     author    = "{P.Z. Skands}",
     title     = "{Tuning Monte Carlo Generators: The Perugia Tunes}",
     journal   = "Phys. Rev.",
     volume    = "D82",
     year      = 2010,
     pages     = 074018,
     eprint    = "1005.3457",
     archivePrefix = "arXiv",
     primaryClass   = "hep-ph",
}

@article{bib:hator,
author    = "Aliev, M. and others",
title = "HATHOR -- HAdronic Top and Heavy quarks crOss section calculatoR",
journal   = "Comput. Phys. Commun. A",
volume    = "182",
year      = "2011",
pages     = "1034-1046",
     eprint    = "1007.1327",
     archivePrefix = "arXiv",
     primaryClass   = "hep-ph",
}


@article{bib:mstw2008,
author    = "Martin, A.D. and others",
title          = "{Parton distributions for the LHC}",
journal   = "Eur. Phy. J.",
volume    = "C63",
year      = "2009",
pages     = "189-285"
}

@article{bib:TopPairCrosSec2010,
  author        = "{ATLAS Collaboration}",
  title         = "{Measurement of the top pair production cross section in $pp$ collisions at $\sqrt{s} = 7$ TeV}",
  journal       = "Eur. Phy. J.",
  volume        = "C71",
  year          = 2011,
  pages         = 1577,
  doi           = "10.1140/epjc/s10052-011-1577-6",
  eprint        = "1012.1792",
  archivePrefix = "arXiv",
  primaryClass  = "hep-ex",
}


@article{bib:mstw2009,
      author         = "Martin, A.D. and Stirling, W.J. and Thorne, R.S. and
                        Watt, G.",
      title          = "{Uncertainties on $\alpha_{S}$ in global PDF analyses and
                        implications for predicted hadronic cross sections}",
      journal        = "Eur. Phys. J.",
      volume         = "C64",
      pages          = "653-680",
      doi            = "10.1140/epjc/s10052-009-1164-2",
      year           = 2009,
      eprint         = "0905.3531",
      archivePrefix  = "arXiv",
      primaryClass   = "hep-ph",
}

@article{bib:nnlocacciari,
author  = "Cacciari, M. and others",
title   = "{Top-pair production at hadron colliders with next-to-next-to-leading logarithmic soft-gluon resummation}",
journal = "Phys. Lett.",
volume  = "B710",
pages   = "612-622",
year    = "2012",
}

@article{bib:topplusplus,
author = "M. Czakon and A. Mitov",
title          = "{Top++: a program for the calculation of the top-pair cross-section at hadron colliders}",
year           = "2011",
archivePrefix  = "arXiv",
eprint         = "1112.5675",
primaryClass   = "hep-ph"
}

@article{bib:mg5,
author = "J. Alwall and others",
title          = "{The automated computation of tree-level and next-to-leading order differential cross sections, and their matching to parton shower simulations}",
year           = "2014",
archivePrefix  = "arXiv",
eprint         = "1405.0301",
primaryClass   = "hep-ph"
}



@Article{bib:cteq6l,
author    = "Pumplin, J. and others",
title     = "New generation of parton distributions with uncertainties from global QCD analysis",
journal   = "JHEP",
volume    = "07",
year      = "2002",
pages     = "012",
eprint         = "0201195",
archivePrefix  = "arXiv",
primaryClass   = "hep-ph"
}


@Article{bib:sherpa,
     Author    = "T. Gleisberg and others",
     Title     = "{Event generation with SHERPA 1.1}",
     Journal   = "JHEP",
     Volume    = "02",
     Year      = "2009",
     Pages     = "007",
     eprint         = "0811.4622",
     archivePrefix  = "arXiv",
     primaryClass   = "hep-ph"

}


@Article{bib:alpgen,
     Author    = "Mangano, Michelangelo L. and Moretti, Mauro and Piccinini,
                  Fulvio and Pittau, Roberto and Polosa, Antonio D.",
     Title     = "{ALPGEN, a generator for hard multiparton processes in
                  hadronic  collisions}",
     Journal   = "JHEP",
     Volume    = "07",
     Year      = "2003",
     Pages     = "001",
     eprint         = "0206293",
     archivePrefix  = "arXiv",
     primaryClass   = "hep-ph"

}
@Article{bib:powheg,
     author    = "Nason, P.",
     title     = "{A new method for combining NLO QCD with shower Monte Carlo
                  algorithms}",
     journal   = "JHEP",
     volume    = "11",
     year      = "2004",
     pages     = "040",
}

@Article{bib:acer,
     author    = "Kersevan, Borut Paul and Richter-Was, Elzbieta",
     title     = "{The Monte Carlo event generator AcerMC version 2.0 with
                  interfaces to  PYTHIA 6.2 and HERWIG 6.5}",
     year      = "2004",
     eprint    = "hep-ph/0405247",
     archivePrefix = "arXiv",
     SLACcitation  = "%%CITATION = HEP-PH/0405247;%%"
}

@Article{bib:ttbardilep2011,
      author = "{ATLAS Collaboration}",
      title          = "{Measurement of the cross section for top-quark pair
                        production in $pp$ collisions at $\sqrt{s}=7$ TeV with the
                        ATLAS detector using final states with two high-$p_{T}$
                        leptons}",
      journal        = "JHEP",
      volume         = 1205,
      pages          = 059,
      doi            = "10.1007/JHEP05(2012)059",
      year           = 2012,
      eprint         = "1202.4892",
      archivePrefix  = "arXiv",
      primaryClass   = "hep-ex",
}

@Article{bib:KinFitter,
author = "{T. G\"opfert and J.E. Sundermann}",
title = "KinFitter - A Kinematic Fit with Constraints",
institution = "CERN",
address = "Geneva",
report= "{ATL-COM-SOFT-2009-014}",
month = "September",
year = "2009",
}

@Article{bib:KinFitterCMS,
author = "{J. D'Hondt et al.}",
title = "Fitting of Event Topologies with External Kinematic Constraints in CMS",
institution = "CERN",
address = "Geneva",
report= "{CMS NOTE 2006/023}",
year = "2006",
}

@Article{bib:StatBook1983,
author = "{R.K. Bock et al.}",
title = "Formulae and methods in experimental data evaluation, with emphasis on high energy physics v.3",
institution = "CERN",
address = "Geneva",
report= "{Articles on statistical and numerical method}",
year = "1983",
}

@Article{bib:StatBook1986,
author = "{L. Lyons}",
title = "Statistics for nuclear and particle Physics",
howpublished= "{Cambridge Univ. Press}",
year = "1986",
}

@Article{bib:Calibration2010,
author = "{ATLAS Collaboration}",
title = "Calibrating the $b$-Tag Efficiency and Mistag Rate of the SV0
$b$-Tagging Algorithm in 3~pb$^{-1}$ of Data with the ATLAS Detector",
institution = "CERN",
address = "Geneva",
report= "{ATLAS-CONF-2010-099}",
month = "November",
year = "2010",
}

@Article{bib:JetProb2010,
author = "{ATLAS Collaboration}",
title = "Performance of Impact Parameter-Based $b$-tagging Algorithms with the ATLAS Detector using
Proton-Proton Collisions at $\sqrt{s} = 7$~TeV",
institution = "CERN",
address = "Geneva",
report= "{ATLAS-CONF-2010-091}",
month = "August",
year = "2010",
}

@Article{bib:MisTag2012,
author = "{ATLAS Collaboration}",
title = "Measurement of the Mistag Rate of $b$-tagging algorithms with 5~fb$^{-1}$ of Data Collected by the ATLAS Detector",
institution = "CERN",
address = "Geneva",
report= "{ATLAS-CONF-2012-040}",
month = "March",
year = "2012",
}

@Article{bib:bTag2012,
       author = "{ATLAS Collaboration}",
        title = "Measurement of the $b$-tag Efficiency in a Sample of Jets Containing Muons with 5~fb$^{-1}$ of Data from the ATLAS Detector",
  institution = "CERN",
      address = "Geneva",
       report = "{ATLAS-CONF-2012-043}",
        month = "March",
         year = "2012",
       eprint = "http://cdsweb.cern.ch/record/1435197",
}

@Article{bib:JESnote,
       author = "{ATLAS Collaboration}",
        title = "{Probing the measurement of jet energies with the ATLAS detector using $Z$+jet events from proton-proton collisions at $\sqrt{s} = 7$ TeV}",
  institution = "CERN",
      address = "Geneva",
       report = "{ATLAS-CONF-2012-053}",
        month = "May",
         year = "2012",
       eprint = "http://cdsweb.cern.ch/record/1452641",
}

@article{bib:MLM,
      author         = "{Caravaglios, F. and Mangano, Michelangelo L. and Moretti,
                        M. and Pittau, R.}",
      title          = "{A New approach to multijet calculations in hadron
                        collisions}",
      journal        = "{Nucl.Phys.}",
      volume         = "{B539}",
      pages          = "{215-232}",
      year           = "{1999}",
}


@article{bib:ChargeAsymmetry,
	Author = "{Kom, Chun-Hay and Stirling, W.}",
	Journal = "{The European Physical Journal C - Particles and Fields}",
	Pages = "{67--73}",
	Publisher = "{Springer Berlin / Heidelberg}",
	Title = "{Charge asymmetry in W + jets production at the LHC}",
	Volume = "{69}",
	Year = "{2010}",
}

@article{bib:TtbarXsec,
      author         = "Moch, S. and Uwer, P.",
      title          = "{Heavy-quark pair production at two loops in QCD}",
      journal        = "Nucl.Phys.Proc.Suppl.",
      volume         = "183",
      pages          = "75-80",
      year           = "2008",
}

@article{bib:WtXsec,
      author         = "Kidonakis, Nikolaos",
      title          = "{Two-loop soft anomalous dimensions for single top quark associated production with a $W^{-}$ or $H^{-}$}",
      journal        = "Phys.Rev.",
      volume         = "D82",
      pages          = "054018",
      year           = "2010",
     eprint         = "0910.0473",
     archivePrefix  = "arXiv",
     primaryClass   = "hep-ph",

}

@article{bib:tXsec,
  title = {Next-to-next-to-leading-order collinear and soft gluon corrections for $t$-channel single top quark production},
  author = {Kidonakis, Nikolaos},
  journal = {Phys. Rev. D},
  volume = {83},
  issue = {9},
  pages = {091503},
  numpages = {5},
  year = {2011},
}

@article{bib:sXsec,
  title = {Next-to-next-to-leading logarithm resummation for $s$-channel single top quark production},
  author = {Kidonakis, Nikolaos},
  journal = {Phys. Rev. D},
  volume = {81},
  issue = {5},
  pages = {054028},
  numpages = {9},
  year = {2010},
}

@article{bib:dibXsec,
      author         = "Campbell, John M. and Ellis, R. Keith and Williams, Ciaran",
      title          = "{Vector boson pair production at the LHC}",
      journal        = "JHEP",
      volume         = "1107",
      pages          = "018",
      year           = "2011",
}

@Article{CSCbook,
author = "{ATLAS Collaboration}",
title = "{Expected Performance of the ATLAS Experiment -- Detector, Trigger and Physics}",
institution = "CERN",
address = "Geneva",
report = "{CERN-OPEN-2008-020}",
month = "December",
year = 2008,
eprint = "https://cds.cern.ch/record/1125884"
}

@Article{SV0April,
     author = "{ATLAS Collaboration}",
      title = "{Performance of the ATLAS Secondary Vertex b-tagging Algorithm in 7~TeV Collision Data}",
institution = "CERN",
    address = "Geneva",
     report = "{ATLAS-CONF-2010-042}",
      month = "May",
       year = "2010",
     eprint = "http://cdsweb.cern.ch/record/1277682"
}

@Article{LHCMachine,
  author = "L. Evans and P. Bryant",
  title = "{LHC Machine}",
  journal = "JINST",
  volume = "3",
  year = "2008",
  pages = "S08001"
}

@article{DetPap,
     author    = "{ATLAS Collaboration}",
     title     = "{The ATLAS Experiment at the CERN Large Hadron Collider}",
     journal   = "JINST",
     volume    = "3",
     year      = "2008",
     pages     = "S08003",
}

@article{antikt,
     author    = "Cacciari, Matteo and Salam, Gavin P. and Soyez, Gregory",
     title     = "{The anti-$k_{t}$ jet clustering algorithm}",
     journal   = "JHEP",
     volume    = "04",
     year      = "2008",
     pages     = "063",
     eprint         = "0802.1189",
     archivePrefix  = "arXiv",
     primaryClass   = "hep-ph",

}

@article{antikt2,
     author    = "Cacciari, Matteo and Salam, Gavin P.",
     title     = "{Dispelling the $N^{3}$ myth for the $k_{t}$ jet-finder}",
     journal   = "Phys. Lett.",
     volume    = "B641",
     year      = "2006",
     pages     = "057",
     eprint         = "0512210",
     archivePrefix  = "arXiv",
     primaryClass   = "hep-ph",
}

@article{jetareas,
      author         = "Cacciari, Matteo and Salam, Gavin P.",
      title          = "{Pileup subtraction using jet areas}",
      journal        = "Phys. Lett.",
      volume         = "B659",
      pages          = "119-126",
      doi            = "10.1016/j.physletb.2007.09.077",
      year           = 2008,
      eprint         = "0707.1378",
      archivePrefix  = "arXiv",
      primaryClass   = "hep-ph",
}

@article{jetTrimming,
      author         = "D. Krohn and J. Thaler and L.-T. Wang",
      title          = "{Jet Trimming}",
      journal        = "JHEP",
      volume         = "02",
      pages          = "084",
      doi            = "10.1007/JHEP02(2010)084",
      year           = 2010,
      eprint         = "0912.1342",
      archivePrefix  = "arXiv",
      primaryClass   = "hep-ph",
}

@Article{atlasjetareas,
      author = "{ATLAS Collaboration}",
       title = "{Pile-up subtraction and suppression for jets in ATLAS}",
 institution = "CERN",
     address = "Geneva",
      report = "{ATLAS-CONF-2013-083}",
       month = "August",
        year = "2013",
      eprint = "https://cds.cern.ch/record/1570994"
}

@article{atlasjetsub,
      author         = "{ATLAS Collaboration}",
      title          = "{Performance of jet substructure techniques for large-R jets in proton-proton collisions at $\sqrt{s}=7$ TeV using the ATLAS detector}",
      journal        = "J. High Energy Phys.",
      volume         = "09",
      pages          = "076",
      doi            = "10.1007/JHEP09(2013)076",
      year           = 2013
}

@misc{antikt3,
     author    = "Cacciari, Matteo and Salam, Gavin P. and Soyez, Gregory",
     howpublished="{http://fastjet.fr/}"
}

@author{Cacciari200657,
  author =   "Matteo Cacciari and Gavin~P. Salam.",
    title =  "Dispelling the n3 myth for the kt jet-finder.",
  journal={Physics Letters B},
volume=641,
pages={57-61},
year=2006
}

@Article{Pythia8,
      author         = "Sj{\"o}strand, Torbjorn and Mrenna, Stephen and Skands, Peter
                        Z.",
      title          = "{A Brief Introduction to PYTHIA 8.1}",
      journal        = "Comput.Phys.Commun.",
      volume         = 178,
      pages          = "852-867",
      doi            = "10.1016/j.cpc.2008.01.036",
      year           = 2008,
      eprint         = "0710.3820",
      archivePrefix  = "arXiv",
      primaryClass   = "hep-ph",
}

@article{pythia1,
        Author = {Sj\"ostrand, T. and Mrenna, S. and Skands, P.},
        Journal = {JHEP},
        Pages = {026},
        Title = {{PYTHIA} Generator version 6.418},
        Volume = {05},
        Year = {2006},
     eprint         = "0603175",
     archivePrefix  = "arXiv",
     primaryClass   = "hep-ph",
}

@Article{pythia2,
     author    = "S{j\"o}strand, Torbjorn and Mrenna, Stephen and Skands, Peter
                  Z.",
     title     = "{PYTHIA 6.4 Physics and Manual}",
     journal   = "JHEP",
     volume    = 05,
     year      = 2006,
     pages     = 026,
}

@Article{EvtGen,
     author    = "{D.J.Lange}",
     title     = "{The EvtGen particle decay simulation package}",
     journal   = "Nucl. Instr. Meth.",
     volume    = "A462",
     year      = 2001,
     pages     = "152",
}

@Article{mrst,
     author    = "Sherstnev, A. and Thorne, R. S.",
     title     = "{Parton Distributions for LO Generators}",
     journal   = "Eur. Phys. J.",
     volume    = "C55",
     year      = "2008",
     pages     = "553-575",
}

@Article{geant,
     author    = "Agostinelli, S. and others",
     collaboration = "GEANT4",
     title     = "{GEANT4: A simulation toolkit}",
     journal   = "Nucl. Instrum. Meth.",
     volume    = "A506",
     year      = "2003",
     pages     = "250-303",
}

@Article{atlassimulation,
     author    = "{ATLAS Collaboration}",
     title     = "{The ATLAS Simulation Infrastructure}",
     journal   = "Eur. Phys. J.",
     volume    = "C70",
     year      = "2010",
     pages     = "823-874",
     eprint    = "1005.4568",
     archivePrefix = "arXiv",
     primaryClass  =  "physics.ins-det",
     doi       = "10.1140/epjc/s10052-010-1429-9",
}

@Article{ApplyJetCalibration2012,
url = "https://twiki.cern.ch/twiki/bin/viewauth/AtlasProtected/ApplyJetCalibration2012"}

@Article{DataCleaning,
url = "https://twiki.cern.ch/twiki/bin/viewauth/Atlas/DataPreparationCheckListForPhysicsAnalysis"}

@Article{IPSmearing,
url = "https://twiki.cern.ch/twiki/bin/viewauth/AtlasProtected/IPSmearing"}

@Article{mc11tune,
author = "{ATLAS Collaboration}",
title = "Further tunes of PYTHIA6 and Pythia 8",
institution = "CERN",
address = "Geneva",
report= "{ATL-PHYS-PUB-2011-014}",
month = "November",
year = "2011",
}

@Article{au2tune,
author = "{ATLAS Collaboration}",
title = "Summary of ATLAS Pythia 8 tunes",
institution = "CERN",
address = "Geneva",
report= "{ATL-PHYS-PUB-2012-003}",
year = "2012",
}


@article{GapFractions1,
  author = "{ATLAS Collaboration}",
  title = "{Measurement of dijet production with a veto on additional central jet activity in pp collisions at $\sqrt{s}=7$ TeV using the ATLAS detector}",
  journal = "JHEP \textbf{09} (2011), 053"
} 

@article{GapFractions2,
  author = "{ATLAS Collaboration}",
  title = "{Measurement of $t\bar{t}$ production with a veto on additional central jet activity in pp collisions at $\sqrt{s}=7$ TeV using the ATLAS detector}",
  eprint = {arXiv:1203.5015 [hep-ph]},
  journal   = "Eur. Phys. J.",
  volume    = "C72",
  year      = "2013",
  pages     = "2043",
} 

@article{MSTW,
  author = {Martin, A. D. and Stirling, W. J. and Thorne, R. S. and Watt, G.},
title    = "{Parton distributions for the LHC}",
journal  = "Eur. Phys. J.",
volume   = {C 63},
pages    = {189-285},
year     = 2009,
eprint   = {arXiv:0901.0002 [hep-ph]},
doi      = "10.1140/epjc/s10052-009-1072-5",
}

@article{CT10,
author         = {Lai, H. L. and others},
title          = "{New parton distributions for collider physics}",
journal        = {Phys.Rev. \textbf{D 82} (2010)},
eprint = {arXiv:1007.2241 [hep-ph]}
}

@article{NNPDF,
author = "{R. D. Ball et al.}",
title = "{Impact of Heavy Quark Masses on Parton Distributions and LHC Phenomenology}",
journal = "Nucl. Phys. \textbf{B 849} (2011), 296-363",
eprint = {arXiv:1101.1300 [hep-ph]},
}

@Article{MuonReco,
author = "{ATLAS Collaboration}",
title = "Muon reconstruction efficiency in reprocessed 2010 LHC proton-proton collision data recorded with the ATLAS detector",
institution = "CERN",
address = "Geneva",
report= "{ATLAS-CONF-2011-063}",
month = "April",
year = "2011",
}

@Article{MuonRecoCrossCheck,
author = "{ATLAS Collaboration}",
title = "A measurement of the muon reconstruction efficiency in 2010 ATLAS data using $J/\psi$ decays",
institution = "CERN",
address = "Geneva",
report= "{ATLAS-CONF-2012-125}",
month = "December",
year = "2012",
}

@Article{tmva,
author = {A. Hoecker and others},
title = "TMVA, Toolkit for Multivariate Data Analysis with ROOT",
eprint = {arXiv:physics/0703039},
year = "2007",
}

@article{jetfitter,
      author         = "Piacquadio, Giacinto and Weiser, Christian",
      title          = "{A new inclusive secondary vertex algorithm for b-jet
                        tagging in ATLAS}",
      journal        = "J.Phys.Conf.Ser.",
      volume         = 119,
      pages          = 032032,
      doi            = "10.1088/1742-6596/119/3/032032",
      year           = 2008,
      SLACcitation   = "%%CITATION = 00462,119,032032;%%",
}

@article{BLUE,
      author         = "Valassi, Andrea",
      title          = "{Combining correlated measurements of several
                         different physical quantities}",
      journal        = "Nucl. Instrum. Meth.",
      volume         = A500,
      pages          = "391-405",
      doi            = " 10.1016/S0168-9002(03)00329-2",
      year           = 2003,
      SLACcitation   = "%%CITATION = 00462,119,032032;%%",
}

@techreport{IBLTDR,
      author       = "Capeans, M and Darbo, G and Einsweiller, K and Elsing, M
                      and Flick, T and Garcia-Sciveres, M and Gemme, C and
                      Pernegger, H and Rohne, O and Vuillermet, R",
      title        = "{ATLAS Insertable B-Layer Technical Design Report}",
      institution  = "CERN",
      address      = "Geneva",
      number       = "CERN-LHCC-2010-013. ATLAS-TDR-19",
      month        = "Sep",
      year         = "2010",
}

@Article{TrackVertexPileUp2011,
      author       = "{ATLAS Collaboration}",
      title        = "{Performance of the ATLAS Inner Detector Track and Vertex
                      Reconstruction in the High Pile-Up LHC Environment}",
      institution  = "CERN",
      address      = "Geneva",
      number       = "ATLAS-CONF-2012-042",
      month        = "Mar",
      year         = 2012,
      eprint       = "http://cdsweb.cern.ch/record/1435196",
}

@article{GhostMatching,
      author         = "Cacciari, Matteo and Salam, Gavin P. and Soyez, Gregory",
      title          = "{The Catchment Area of Jets}",
      journal        = "JHEP",
      volume         = 0804,
      pages          = 005,
      doi            = "10.1088/1126-6708/2008/04/005",
      year           = 2008,
      eprint         = "0802.1188",
      archivePrefix  = "arXiv",
      primaryClass   = "hep-ph",
      reportNumber   = "LPTHE-07-02",
      SLACcitation   = "%%CITATION = ARXIV:0802.1188;%%",
}

@article{herwig,
      author         = "{C. Corcella et al.}",
      title          = "{HERWIG 6: An event generator for hadron emission reactions with interfering gluons (including supersymmetric processes)}",
      journal        = "JHEP",
      volume         = 101,
      pages          = 010,
      year           = 2011,
      eprint         = "0011.363",
      archivePrefix  = "arXiv",
      primaryClass   = "hep-ph",
}

@article{mcatnlo,
      author         = "S. Frixione and B. Webber",
      title          = "{Matching NLO QCD computations and parton shower simulations}",
      journal        = "JHEP",
      volume         = 06,
      pages          = 029,
      year           = 2002,
      eprint         = "0204.244",
      archivePrefix  = "arXiv",
      primaryClass   = "hep-ph",
}

@article{jimmy,
      author         = "J.M. Butterworth, J.R. Forshaw and M.H. Seymour",
      title          = "{Multiparton interactions ion photoproduction at HERA}",
      journal        = "Z. Phys.",
      volume         = C72,
      pages          = 637,
      year           = 1996,
      eprint         = "9601.371",
      archivePrefix  = "arXiv",
      primaryClass   = "hep-ph",
}

%%%%%%%%%%%%%%%%%%%%%%
%newcommand{\aconfref}[3]{ATLAS Collaboration, {\em #1}, ATLAS-CONF-#2, 
%{\tt https://cdsweb.cern.ch/record/#3}}

@Article{lumi,
     author    = "{ATLAS Collaboration}",
     title     = "{Improved luminosity determination in $pp$ collisions at $\sqrt{s} = 7$ TeV using the ATLAS detector at the LHC}",
     year      = 2013,
     journal   = "Eur.Phys.J.",
     volume    = "C73",
     pages     = 2518,
     doi       = "10.1140/epjc/s10052-013-2518-3",
     eprint    = "1302.4393",
     archivePrefix = "arXiv",
     primaryClass  =  "hep-ex",
}

@Article{bib:DstarCalib,
    author = "{ATLAS Collaboration}",
    title = "{$b$-jet tagging calibration on $c$-jets containing $D^{\star}$ mesons}",
    institution = "CERN",
    address = "Geneva",
    report= "{ATLAS-CONF-2012-039}",
    month = "April",
    year = "2012",
    eprint = "http://cdsweb.cern.ch/record/1435193",
}

@Article{bib:auet,
    author      = "{ATLAS Collaboration}",
    title       = "{New ATLAS event generator tunes to 2010 data}",
    institution = "CERN",
    address     = "Geneva",
    report      = "{ATLAS-PHYS-PUB-2011-008}",
    eprint      = "https://cds.cern.ch/record/1345343",
}

@Article{bib:auetb,
    author      = "{ATLAS Collaboration}",
    title       = "{ATLAS tunes of PYTHIA6 and Pythia8 for MC11}",
    institution = "CERN",
    address     = "Geneva",
    report      = "{ATLAS-PHYS-PUB-2011-009}",
    eprint      = "https://cds.cern.ch/record/1363300",
}

@Article{heralep,
      author         = "Chekanov, S. and others",
      title          = "{Measurement of charm fragmentation ratios and fractions
                        in photoproduction at HERA}",
      collaboration  = "ZEUS",
      journal        = "Eur.Phys.J.",
      volume         = "C44",
      pages          = "351-366",
      doi            = "10.1140/epjc/s2005-02397-3",
      year           = "2005",
      eprint         = "hep-ex/0508019",
      archivePrefix  = "arXiv",
      primaryClass   = "hep-ex",
      reportNumber   = "DESY-05-147",
      SLACcitation   = "%%CITATION = HEP-EX/0508019;%%",                                                
}

@Article{newheralep,
      author         = "Lohrmann, E.",
      title          = "{A Summary of Charm Hadron Production Fractions}",
      year           = "2011",
      eprint         = "1112.3757v1",
      archivePrefix  = "arXiv",
      primaryClass   = "hep-ex",
      SLACcitation   = "%%CITATION = HEP-EX/0508019;%%",                                                
}

@Article{Giacinto,
  author = 	 "{ATLAS Collaboration}",
  title = 	 "{Calibration of $b$-tagging using dileptonic top pair events in a combinatorial likelihood approach with the ATLAS experiment}",
  institution =  {CERN},
  address =      {Geneva},
  year = 	 2014,
  report=        "{ATLAS-CONF-2014-004}",
  eprint =       "http://cdsweb.cern.ch/record/1664335",
}

@Article{bc2014,
  author = 	 "{ATLAS Collaboration}",
  title = 	 "{Calibration of the performance of $b$-tagging for $c$ and light-flavour jets in the 2012 ATLAS data}",
  institution =  {CERN},
  address =      {Geneva},
  year = 	 2014,
  report=        "{ATLAS-CONF-2014-046}",
  eprint =       "http://cdsweb.cern.ch/record/1741020",
}


@Article{photon2011,
  author = 	 "{ATLAS Collaboration}",
  title = 	 "{Measurements of the photon identification efficiency with the ATLAS detector using 4.9 fb$^{?1}$ of $pp$ collision data collected in 2011}",
  institution =  {CERN},
  address =      {Geneva},
  year = 	 2012,
  report=        "{ATLAS-CONF-2012-123}",
}

@article{photonxsec2011,
      author         = "{ATLAS Collaboration}",
      title          = "{Measurement of the inclusive isolated prompt photon cross section in $pp$ collisions at $\sqrt{s}= 7$ TeV with the ATLAS detector}",
      journal        = "Phys. Rev. D",
      volume         = 83,
      pages          = "052005",
      year           = 2011,
}

@Article{etmiss2013,
  author = 	 "{ATLAS Collaboration}",
  title = 	 "{ Performance of Missing Transverse Momentum Reconstruction in ATLAS studied in Proton-Proton Collisions recorded in 2012 at 8 TeV}",
  institution =  {CERN},
  address =      {Geneva},
  year = 	 2013,
  report=        "{ATLAS-CONF-2013-082}",
}

@article{etmissPaper,
      author         = "{ATLAS Collaboration}",
      title          = "{Performance of Missing Transverse Momentum Reconstruction in Proton-Proton Collisions at 7 TeV with ATLAS}",
      journal        = "Eur. Phys. J. C",
      volume         = 72,
      pages          = "1844",
      year           = 2012,
}

@Article{BoostedTop,
  author = 	 "{ATLAS Collaboration}",
  title = 	 "{Performance of boosted top quark identification in 2012 ATLAS data}",
  institution =  {CERN},
  address =      {Geneva},
  year = 	 2013,
  report=        "{ATLAS-CONF-2013-084}",
}


@article{Fitzpatrick,
        Abstract = {The best-studied version of the RS1 model has all the Standard Model particles confined to the TeV brane. However, recen
t variants have the Standard Model fermions and gauge bosons located in the bulk five-dimensional spacetime. We study the potential reach of
 the LHC in searching for the lightest KK partner of the graviton in the most promising such models in which the right-handed top is localiz
ed very near the TeV brane and the light fermions are localized near the Planck brane. We consider both detection and the establishment of t
he spin-2 nature of the resonance should it be found.},
        Author = {Liam Fitzpatrick and Jared Kaplan and Lisa Randall and Lian-Tao Wang},
        Date-Added = {2013-06-17 07:31:16 +0000},
        Date-Modified = {2013-06-17 07:31:16 +0000},
        Journal = {JHEP},
        Number = {09},
        Pages = {013},
        Title = {Searching for the Kaluza-Klein graviton in bulk RS models},
        Volume = {2007},
        Year = {2007}}
        %Bdsk-Url-1 = {http://stacks.iop.org/1126-6708/2007/i=09/a=013}}

@article{Randall:1999ee,
      author         = "Randall, Lisa and Sundrum, Raman",
      title          = "{A Large mass hierarchy from a small extra dimension}",
      journal        = "Phys.Rev.Lett.",
      volume         = "83",
      pages          = "3370-3373",
      doi            = "10.1103/PhysRevLett.83.3370",
      year           = "1999",
      eprint         = "hep-ph/9905221",
      archivePrefix  = "arXiv",
      primaryClass   = "hep-ph",
      reportNumber   = "MIT-CTP-2860, PUPT-1860, BUHEP-99-9",
      SLACcitation   = "%%CITATION = HEP-PH/9905221;%%",
}

@article{Agashe:2007zd,
      author         = "Agashe, Kaustubh and Davoudiasl, Hooman and Perez, Gilad
                        and Soni, Amarjit",
      title          = "{Warped Gravitons at the LHC and Beyond}",
      journal        = "Phys.Rev.",
      volume         = "D76",
      pages          = "036006",
      doi            = "10.1103/PhysRevD.76.036006",
      year           = "2007",
      eprint         = "hep-ph/0701186",
      archivePrefix  = "arXiv",
      primaryClass   = "hep-ph",
      reportNumber   = "SU-4252-843, BNL-HET-07-3, YITP-SB-07-02",
      SLACcitation   = "%%CITATION = HEP-PH/0701186;%%"
}


@Article{H4bResolvedConf,
author = "{ATLAS Collaboration}",
title = "{A search for resonant Higgs-pair production in the $b\bar{b} b\bar{b}$ final state in $pp$ collisions at $\sqrt{s} = 8$ TeV}",
institution = "CERN",
address = "Geneva",
report= "{ATLAS-CONF-2014-005}",
month = "March",
year = "2014",
}

@Article{VHConf,
author = "{ATLAS Collaboration}",
title = "{Search for the $bb$ decay of the Standard Model Higgs boson in associated $(W/Z)H$ production with the ATLAS detector}",
institution = "CERN",
address = "Geneva",
report= "{ATLAS-CONF-2013-079}",
month = "July",
year = "2013",
 eprint =       "https://cds.cern.ch/record/1563235",
}

@Article{bib:MVb,
author = "{ATLAS Collaboration}",
title = "{$b$-tagging in dense environments}",
institution = "CERN",
address = "Geneva",
report= "{ATL-PHYS-PUB-2014-014}",
month = "August",
year = "2014",
}

%% This BibTeX bibliography file was created using BibDesk.
%% http://bibdesk.sourceforge.net/

@techreport{ATLAS-CONF-2011-053,
      title         = "{Light-quark and Gluon Jets in ATLAS}",
      institution   = "CERN",
      collaboration = "ATLAS Collaboration",
      address       = "Geneva",
      number        = "ATLAS-CONF-2011-053",
      month         = "Apr",
      year          = "2011",
}
@techreport{ATLAS-CONF-2011-007,
      title         = "{Update on the jet energy scale systematic uncertainty for jets produced in proton-proton collisions at $\sqrt{s} = 7$ TeV measured with the ATLAS detector}",
      institution   = "CERN",
      address       = "Geneva",
      number        = "ATLAS-CONF-2011-007",
      year          = "2011",
}

@article{lumiPaper2010,
      author         = "Aad, Georges and others",
      title          = "{Luminosity Determination in pp Collisions at sqrt(s)=7
                        TeV Using the ATLAS Detector at the LHC}",
      collaboration  = "ATLAS Collaboration",
      journal        = "Eur.Phys.J.",
      volume         = "C71",
      pages          = "1630",
      doi            = "10.1140/epjc/s10052-011-1630-5",
      year           = "2011",
      eprint         = "1101.2185",
      archivePrefix  = "arXiv",
      primaryClass   = "hep-ex",
      SLACcitation   = "%%CITATION = ARXIV:1101.2185;%%",
}
@article{ATLAS-CONF-2011-116,
      author  = "{ATLAS Collaboration}",
      title        = "Luminosity Determination in pp Collisions at sqrt(s) = 7
                      TeV using the ATLAS Detector in 2011",
      report       = "ATLAS-CONF-2011-116",
      url     = "http://cdsweb.cern.ch/record/1376384",
}

@misc{commond3pd,
     howpublished     = "\url{https://twiki.cern.ch/twiki/bin/viewauth/AtlasComputing/CommonD3PD}",
}

@misc{jetmet3pd,
     howpublished     = "\url{https://twiki.cern.ch/twiki/bin/viewauth/AtlasProtected/NTUP_JETMET}",
}

@article{Adye:2011gm,
      author         = "Adye, Tim",
      title          = "{Unfolding algorithms and tests using RooUnfold}",
      year           = "2011",
      eprint         = "1105.1160",
      archivePrefix  = "arXiv",
      primaryClass   = "physics.data-an",
      SLACcitation   = "%%CITATION = ARXIV:1105.1160;%%",
}

@techreport{Nachman:1566473,
      author        = "Nachman, B and Schwartzman, A and Swiatlowski, M",
      title         = "{The Charge of Boosted Jets: Supporting Plots for
                       ATLAS-COM-CONF-2013-101}",
      institution   = "CERN",
      address       = "Geneva",
      number        = "ATL-COM-PHYS-2013-1069",
      month         = "Aug",
      year          = "2013",
}

@techreport{Nachman:1631114,
      author        = "Nachman, B and Swiatlowski, M and Schwartzman, A",
      title         = "{Some Aspects of Jet Charge}",
      institution   = "CERN",
      address       = "Geneva",
      number        = "ATL-COM-PHYS-2013-1575",
      month         = "Nov",
      year          = "2013",
}

@techreport{ATLAS-CONF-2013-086,
      title         = "{Jet Charge Studies with the ATLAS Detector Using
                       $\sqrt{s} = 8$ TeV Proton-Proton Collision Data}",
      institution   = "CERN",
      address       = "Geneva",
      number        = "ATLAS-CONF-2013-086",
      month         = "Aug",
      year          = "2013",
}

@article{ATLAS:2011qia,
  Author = "{ATLAS Collaboration}",
  Date-Added = {2013-06-07 16:00:47 +0000},
  Date-Modified = {2013-06-07 16:01:18 +0000},
  Key = {1204180},
  Reportnumber = {ATLAS-CONF-2011-102, ATLAS-COM-CONF-2011-110},
  Slaccitation = {%%CITATION = ATLAS-CONF-2011-102 ETC.;%%},
  Title = {{Commissioning of the ATLAS high-performance b-tagging algorithms in the 7 TeV collision data}},
  Year = {2011}}

@article{Skands:2010ak,
  Author = {Skands, Peter Zeiler},
  Date-Added = {2013-06-07 15:58:21 +0000},
  Date-Modified = {2013-06-07 15:58:21 +0000},
  Doi = {10.1103/PhysRevD.82.074018},
  Journal = {Phys.Rev. D},
  Pages = {074018},
  Reportnumber = {MCNET-10-08, CERN-PH-TH-2010-113},
  Slaccitation = {%%CITATION = ARXIV:1005.3457;%%},
  Title = {{Tuning Monte Carlo Generators: The Perugia Tunes}},
  Volume = {82},
  Year = {2010},
  Bdsk-Url-1 = {http://dx.doi.org/10.1103/PhysRevD.82.074018}}

@article{Aliev:2010zk,
  Author = {Aliev, M. and Lacker, H. and Langenfeld, U. and Moch, S. and Uwer, P. and others},
  Date-Added = {2013-06-07 15:56:14 +0000},
  Date-Modified = {2013-06-07 15:56:14 +0000},
  Doi = {10.1016/j.cpc.2010.12.040},
  Journal = {Comput. Phys. Commun.},
  Pages = {1034-1046},
  Reportnumber = {DESY-10-091, HU-EP-10-33, SFB-CPP-10-60},
  Slaccitation = {%%CITATION = ARXIV:1007.1327;%%},
  Title = {{HATHOR: HAdronic Top and Heavy quarks crOss section calculatoR}},
  Volume = {182},
  Year = {2011},
  Bdsk-Url-1 = {http://dx.doi.org/10.1016/j.cpc.2010.12.040}}

@article{Sjostrand2008852,
  Author = {Torbj{\"o}rn Sj{\"o}strand and Stephen Mrenna and Peter Skands},
  Date-Added = {2013-06-07 15:54:06 +0000},
  Date-Modified = {2013-06-07 15:54:06 +0000},
  Doi = {10.1016/j.cpc.2008.01.036},
  Issn = {0010-4655},
  Journal = {Comput. Phys. Commun.},
  Keywords = {Hadronisation},
  Pages = {852},
  Title = {A brief introduction to PYTHIA 8.1},
  Volume = {178},
  Year = {2008},}

@article{antiktpaper,
  Author = {Cacciari, Matteo and Salam, Gavin P. and Soyez, Gregory},
  Date-Modified = {2013-06-07 15:47:16 +0000},
  Journal = {JHEP},
  Pages = {063},
  Reportnumber = {LPTHE-07-03},
  Slaccitation = {%%CITATION = ARXIV:0802.1189;%%},
  Title = {{The Anti-k(t) jet clustering algorithm}},
  Volume = {0804},
  Year = {2008},
}

@article{Feynman1978,
  Author = {R. D. Field and R. P. Feynman},
  Journal = {Nucl. Phys. B},
  Title = {{A Parameterization of the properties of Quark Jets}},
  Volume = {136},
  Year = {1978},
  Pages = {1},
}

@article{SLD1995,
  Author = "{SLD Collaboration}",
  Date-Modified = {2013-06-07 15:47:16 +0000},
  Issue = {15},
  Journal = {Phys. Rev. Lett.},
  Month = {Apr},
  Pages = {2890},
  Publisher = {American Physical Society},
  Title = {Measurement of the Parity-Violation Parameter ${A}_{b}$ from the Left-Right Forward-Backward Asymmetry of $\mathit{b}$ Quark Production in ${\mathit{Z}}^{0}$ Decays Using a Momentum-Weighted Track-Charge Technique},
  Volume = {74},
  Year = {1995},}

@article{Tasso1990,
  Author = "{TASSO Collaboration}",
  Date-Modified = {2013-06-07 15:47:16 +0000},
  Journal = {Z. Phys. C},
  Pages = {433},
  Reportnumber = {DESY-90-047},
  Slaccitation = {%%CITATION = ZEPYA,C48,433;%%},
  Title = {{Measurement of the asymmetry of $b$ quark production in $e^{+} e^{-}$ annihilation of $\sqrt{s}$ = 35-GeV}},
  Volume = {48},
  Year = {1990},
  Bdsk-Url-1 = {http://dx.doi.org/10.1007/BF01572023}}

@article{Delphi1991,
  Author = "{DELPHI Collaboration}",
  Date-Modified = {2013-06-07 15:47:16 +0000},
  Journal = {Phys. Lett. B},
  Pages = {371},
  Reportnumber = {CERN-PPE-91-211},
  Slaccitation = {%%CITATION = PHLTA,B277,371;%%},
  Title = {{A Measurement of $sin^2\theta(W)$ from the charge asymmetry of hadronic events at the $Z^0$ peak}},
  Volume = {277},
  Year = {1992},
  Bdsk-Url-1 = {http://dx.doi.org/10.1016/0370-2693(92)90760-2}}

@article{Aleph1991,
  Author = "{ALEPH Collaboration}",
  Date-Modified = {2013-06-07 15:47:16 +0000},
  Issn = {0370-2693},
  Journal = {Phys. Lett. B},
  Pages = {377},
  Title = {Measurement of charge asymmetry in hadronic Z decays},
  Volume = {259},
  Year = {1991},
  Bdsk-Url-1 = {http://dx.doi.org/10.1016/0370-2693(91)90844-G}}

@article{Opal1992,
  Author = "{OPAL Collaboration}",
  Date-Modified = {2013-06-07 15:47:16 +0000},
  Issn = {0370-2693},
  Journal = {Phys. Lett. B},
  Pages = {436},
  Title = {A measurement of the forward-backward charge asymmetry in hadronic decays of the $Z^0$},
  Volume = {294},
  Year = {1992},
  Bdsk-Url-1 = {http://dx.doi.org/10.1016/0370-2693(92)91546-L}}

@article{Opal1994,
  Author = "{OPAL Collaboration}",
  Date-Modified = {2013-06-07 15:47:16 +0000},
  Issn = {0370-2693},
  Journal = {Phys. Lett. B},
  Pages = {411},
  Title = {Measurement of the time dependence of $B^0_d\leftrightarrow \overline{B^0_d}$ mixing using a jet charge technique},
  Volume = {327},
  Year = {1994},
  Bdsk-Url-1 = {http://dx.doi.org/10.1016/0370-2693(94)90747-1}}

@article{CDF1999,
  Author = "{CDF Collaboration}",
  Date-Modified = {2013-06-07 15:47:16 +0000},
  Issue = {7},
  Journal = {Phys. Rev. D},
  Month = {Sep},
  Numpages = {22},
  Pages = {072003},
  Publisher = {American Physical Society},
  Title = {Measurement of ${B}^{0}-\overline{{B}^{0}}$ flavor oscillations using jet-charge and lepton flavor tagging in $p\overline{p}$ collisions at $\sqrt{s}=1.8$\hskip0.3em${}\mathrm{TeV}$},
  Volume = {60},
  Year = {1999},
  Bdsk-Url-1 = {http://dx.doi.org/10.1103/PhysRevD.60.072003}}

@article{Delphi1996,
  Author = "{DELPHI Collaboration}",
  Date-Modified = {2013-06-07 15:47:16 +0000},
  Issn = {0170-9739},
  Journal = {Z. Phys. C},
  Language = {English},
  Pages = {17},
  Publisher = {Springer-Verlag},
  Title = {Measurement of the $B^0_d$ oscillation frequency using kaons, leptons and jet charge},
  Volume = {72},
  Year = {1996},
  Bdsk-Url-1 = {http://dx.doi.org/10.1007/BF02909128}}

@article{Berge1981,
  Author = {J.P. Berge and others},
  Date-Modified = {2013-06-07 15:47:16 +0000},
  Issn = {0550-3213},
  Journal = {Nucl. Phys. B},
  Pages = {13},
  Title = {Quark jets from antineutrino interactions (I). Net charge and factorization in the quark jets},
  Volume = {184},
  Year = {1981},
  Bdsk-Url-1 = {http://dx.doi.org/10.1016/0550-3213(81)90207-8}}

@article{Albanese1984,
  Author = {J.P. Albanese and others},
  Date-Modified = {2013-06-07 15:47:16 +0000},
  Issn = {0370-2693},
  Journal = {Phys. Lett. B},
  Pages = {302},
  Title = {Quark charge retention in final state hadrons from deep inelastic muon scattering},
  Volume = {144},
  Year = {1984},
  Bdsk-Url-1 = {http://dx.doi.org/10.1016/0370-2693(84)91825-2}}

@article{Erickson1979,
  Author = {Erickson, R. and others},
  Date-Modified = {2013-06-07 15:47:16 +0000},
  Issue = {13},
  Journal = {Phys. Rev. Lett.},
  Month = {Mar},
  Pages = {822},
  Publisher = {American Physical Society},
  Title = {Charge Retention in Deep-Inelastic Electroproduction},
  Volume = {42},
  Year = {1979},
  Bdsk-Url-1 = {http://dx.doi.org/10.1103/PhysRevLett.42.822}}

@article{Berge1980,
  Author = {J.P. Berge and others},
  Date-Modified = {2013-06-07 15:47:16 +0000},
  Issn = {0370-2693},
  Journal = {Phys. Lett. B},
  Pages = {311},
  Title = {Net charge in deep inelastic antineutrino-nucleon scattering},
  Volume = {91},
  Year = {1980},
  Bdsk-Url-1 = {http://dx.doi.org/10.1016/0370-2693(80)90456-6}}

@article{Allen1981,
  Author = {P. Allen and others},
  Date-Modified = {2013-06-07 15:47:16 +0000},
  Issn = {0550-3213},
  Journal = {Nucl. Phys. B},
  Pages = {385},
  Title = {Multiplicity distributions in neutrino-hydrogen interactions},
  Volume = {181},
  Year = {1981},
  Bdsk-Url-1 = {http://dx.doi.org/10.1016/0550-3213(81)90532-0}}

@article{Allen1982,
  Author = {P. Allen and others},
  Date-Modified = {2013-06-07 15:47:16 +0000},
  Issn = {0370-2693},
  Journal = {Phys. Lett. B},
  Pages = {88},
  Title = {Charge properties of the hadronic system in $\nu$p and $\bar{\nu}$p interactions},
  Volume = {112},
  Year = {1982},
  Bdsk-Url-1 = {http://dx.doi.org/10.1016/0370-2693(82)90912-1}}

@article{Barlag1982,
  Author = {Barlag, S. and others},
  Date-Modified = {2013-06-07 15:47:16 +0000},
  Issn = {0170-9739},
  Journal = {Z. Phys. C},
  Language = {English},
  Pages = {283},
  Publisher = {Springer-Verlag},
  Title = {Charged hadron multiplicities in high energy $\bar{v}_\mu n$ and $\bar{v}_\mu p$ interactions},
  Volume = {11},
  Year = {1982},
  Bdsk-Url-1 = {http://dx.doi.org/10.1007/BF01578279}}

@article{Krohn2012,
  Archiveprefix = {arXiv},
  Author = {Krohn, David and Lin, Tongyan and Schwartz, Matthew D. and Waalewijn, Wouter J.},
  Eprint = {1209.2421},
  Primaryclass = {hep-ph},
  Slaccitation = {%%CITATION = ARXIV:1209.2421;%%},
  Title = {{Jet Charge at the LHC}},
  Year = {2012}}

@article{Waalewijn2012,
  Author = {Waalewijn, Wouter J.},
  Date-Modified = {2013-06-07 15:47:16 +0000},
  Issue = {9},
  Journal = {Phys. Rev. D},
  Month = {Nov},
  Numpages = {15},
  Pages = {094030},
  Publisher = {American Physical Society},
  Title = {Calculating the charge of a jet},
  Volume = {86},
  Year = {2012},
  Bdsk-Url-1 = {http://dx.doi.org/10.1103/PhysRevD.86.094030}}

@article{Barate1998,
  Author = "{ALEPH Collaboration}",
  Date-Modified = {2013-06-07 15:47:16 +0000},
  Issn = {0370-2693},
  Journal = {Phys. Lett. B},
  Pages = {369},
  Title = {Measurement of triple gauge-boson couplings at 172 GeV},
  Volume = {422},
  Year = {1998},
  Bdsk-Url-1 = {http://dx.doi.org/10.1016/S0370-2693(98)00061-6}}

@article{Abazov2007,
  Author = "{D0 Collaboration}",
  Date-Modified = {2013-06-07 15:47:16 +0000},
  Issue = {4},
  Journal = {Phys. Rev. Lett.},
  Month = {Jan},
  Numpages = {7},
  Pages = {041801},
  Publisher = {American Physical Society},
  Title = {Experimental Discrimination between Charge $2e/3$ Top Quark and Charge $4e/3$ Exotic Quark Production Scenarios},
  Volume = {98},
  Year = {2007},
  Bdsk-Url-1 = {http://dx.doi.org/10.1103/PhysRevLett.98.041801}}

@article{CDF2011,
  Author = "{CDF Collaboration}",
  Journal = {CDF note 10460},
  Title = {The CDF Measurement of the Top Quark Charge using the Top Decay Products in Lepton+Jet channel},
  Year = {2011}}

@article{CMS2012,
  Author = "{CMS Collaboration}",
  Journal = {CMS-PAS-TOP-11-031},
  Title = {Constraints on the Top-Quark Charge from Top-Pair Events},
  Year = {2012},
  url={https://cds.cern.ch/record/1429970}}

@article{ATLAS2011,
  Author = "{ATLAS Collaboration}",
  Journal = {ATLAS-CONF-2011-141},
  Title = {Measurement of the top quark charge in pp collisions at $\sqrt{s}=7$ TeV in the ATLAS experiment},
  url = {http://cds.cern.ch/record/1385517},
  Year = {2011}}

@article{ATLAS2010,
  Author = "{ATLAS Collaboration}",
  Date-Modified = {2013-06-07 15:47:16 +0000},
  Issn = {1434-6044},
  Journal = {Eur. Phys. J. C},
  Language = {English},
  Pages = {823},
  Publisher = {Springer-Verlag},
  Title = {The ATLAS Simulation Infrastructure},
  Volume = {70},
  Year = {2010},
  Bdsk-Url-1 = {http://dx.doi.org/10.1140/epjc/s10052-010-1429-9}}

@article{Geant,
  Author = "{GEANT4 Collaboration}",
  Date-Modified = {2013-06-07 15:47:16 +0000},
  Issn = {0168-9002},
  Journal = {Nuclear Instruments and Methods in Physics Research A},
  Pages = {250},
  Title = {Geant4 - a simulation toolkit},
  Volume = {506},
  Year = {2003},
  Bdsk-Url-1 = {http://dx.doi.org/10.1016/S0168-9002(03)01368-8}}

@article{Detector,
  Author = "{ATLAS Collaboration}",
  Journal = {JINST},
  Title = {The ATLAS Experiment at the CERN Large Hadron Collider},
  Volume = {3},
  Pages={S08003},
  Year = {2008}}

@article{Frixione:2002ik,
  Author = {Frixione, Stefano and Webber, Bryan R.},
  Journal = {JHEP},
  Pages = {029},
  Reportnumber = {CAVENDISH-HEP-02-01, LAPTH-905-02, GEF-TH-2-2002},
  Slaccitation = {%%CITATION = HEP-PH/0204244;%%},
  Title = {{Matching NLO QCD computations and parton shower simulations}},
  Volume = {0206},
  Year = {2002}}

@article{Lai:2010vv,
  Author = {Lai, Hung-Liang and others},
  Date-Modified = {2013-06-07 15:47:16 +0000},
  Journal = {Phys. Rev. D},
  Pages = {074024},
  Reportnumber = {MSUHEP-100707, SMU-HEP-10-10},
  Slaccitation = {%%CITATION = ARXIV:1007.2241;%%},
  Title = {{New parton distributions for collider physics}},
  Volume = {82},
  Year = {2010},
  Bdsk-Url-1 = {http://dx.doi.org/10.1103/PhysRevD.82.074024}}

@article{Corcella:2000bw,
  Author = {Corcella, G. and others},
  Date-Modified = {2013-06-07 15:47:16 +0000},
  Journal = {JHEP},
  Pages = {010},
  Reportnumber = {CAVENDISH-HEP-99-03, CERN-TH-2000-284, RAL-TR-2000-048},
  Slaccitation = {%%CITATION = HEP-PH/0011363;%%},
  Title = {{HERWIG 6: An Event generator for hadron emission reactions with interfering gluons (including supersymmetric processes)}},
  Volume = {0101},
  Year = {2001},
  Bdsk-Url-1 = {http://dx.doi.org/10.1088/1126-6708/2001/01/010}}

@article{JIMMY,
  Author = {Butterworth, J. M. and Forshaw, J. R. and Seymour, M. H.},
  Date-Modified = {2013-06-07 15:47:16 +0000},
  Issn = {0170-9739},
  Journal = {Z. Phys. C},
  Language = {English},
  Pages = {637},
  Publisher = {Springer-Verlag},
  Title = {Multiparton interactions in photoproduction at HERA},
  Volume = {72},
  Year = {1996},
  Bdsk-Url-1 = {http://dx.doi.org/10.1007/s002880050286}}

@article{Pumplin:2002vw,
  Author = {Pumplin, J. and others},
  Journal = {JHEP},
  Pages = {012},
  Reportnumber = {MSU-HEP-011101},
  Slaccitation = {%%CITATION = HEP-PH/0201195;%%},
  Title = {{New generation of parton distributions with uncertainties from global QCD analysis}},
  Volume = {0207},
  Year = {2002}}

@article{Mangano:2002ea,
  Author = {Mangano, Michelangelo L. and others},
  Journal = {JHEP},
  Pages = {001},
  Reportnumber = {CERN-TH-2002-129, FTN-T-2002-06},
  Slaccitation = {%%CITATION = HEP-PH/0206293;%%},
  Title = {{ALPGEN, a generator for hard multiparton processes in hadronic collisions}},
  Volume = {0307},
  Year = {2003}}

@phdthesis{Fleischmann:1014533,
  Address = {Wuppertal},
  Author = {Fleischmann, S and M \"{a}ttig, P},
  Note = {Presented on 19 Oct 2006},
  School = {Wuppertal U.},
  Title = {Track Reconstruction in the ATLAS Experiment: The Deterministic Annealing Filter},
  Year = {2006}}

@article{ATLAS:2010tca,
  Author = "{ATLAS Collaboration}",
  Key = {1204027},
  Reportnumber = {ATLAS-CONF-2010-061, ATLAS-COM-CONF-2010-063},
  Slaccitation = {%%CITATION = ATLAS-CONF-2010-061 ETC.;%%},
  Title = {{Properties of tracks in jets observed in proton-proton collisions at $\sqrt{s}=7$ TeV in the ATLAS detector}},
  Year = {2010}}

@article{qg,
        Author = "{ATLAS Collaboration}",
      title          = "{Light-quark and Gluon Jets: Calorimeter Response, Jet Energy Scale Systematics and Properties}",
      year           = "2012",
      Journal   = "ATLAS-CONF-2012-138",
url="https://cds.cern.ch/record/1480629",
}

@article{doublebb,
     Author        = "{ATLAS Collaboration}",
      title          = "{Identification and Tagging of Double b-hadron jets with the ATLAS Detector}",
      year           = "2012",
       Journal   = "ATLAS-CONF-2012-100",
url="https://cds.cern.ch/record/1462603",
}

@article{btag,
     Author        = "{ATLAS Collaboration}",
      title          = "{Measurement of the b-tag Efficiency in a Sample of Jets Containing Muons with $5$ $fb^{-1}$ of Data from the ATLAS Detector}",
      year           = "2012",
       Journal  = "ATLAS-CONF-2012-043",
  url="https://cds.cern.ch/record/1435197",
}

@article{topXScalc,
      author         = "{M. Aliev} and {H. Lacker} and {U. Langenfeld} and {S. Moch} and {P. Uwer} and others",
      title          = "{HATHOR: HAdronic Top and Heavy quarks crOss section calculatoR}",
      year           = "2011",
  journal        = "Comp. Phys. Comm.",
      volume         = "182",
      pages          = "1034-1046",
}

@Article{TopoClusters,
      author       = "Lampl, W and others",
      title        = "Calorimeter clustering algorithms: description and
                      performance",
      report       = "\href{https://cdsweb.cern.ch/record/1099735}{ATL-LARG-PUB-2008-002}",
      month        = "April",
      year         = "2008",
url={https://cdsweb.cern.ch/record/1099735}
}
@article{EndcapTBelectronPion2002,
  author           ="Cojocaru, C. and others",
  title            = "Hadronic calibration of the {ATLAS} liquid argon 
                      end-cap calorimeter in the pseudorapidity region 
                      $1.6<|\eta|<1.8$ in beam tests",
  journal          = "Nucl. Instrum. Meth. A",
  volume           = "531",
  pages            = "481",
  year             = "2004",
  doi              = "10.1016/j.nima.2004.05.133"
}

@article{pow1,
  author={Paolo Nason},
  title={A new method for combining NLO QCD with shower Monte Carlo algorithms},
  journal={JHEP},
  volume={0411},
  pages={040},
  year={2004},
}

@article{pow2,
  author={Stefano Frixione and Paolo Nason and Carlo Oleari},
  title={Matching NLO QCD computations with parton shower simulations: the POWHEG method},
  journal={JHEP},
  volume={0711},
  pages={070},
  year={2007},
}
  
@article{pow3,
year={2010},
journal={JHEP},
volume={1006},
doi={10.1007/JHEP06(2010)043},
title={A general framework for implementing NLO calculations in shower Monte Carlo programs: the POWHEG BOX},
publisher={Springer-Verlag},
keywords={NLO Computations; Hadronic Colliders; QCD},
author={Alioli, Simone and Nason, Paolo and Oleari, Carlo and Re, Emanuele},
pages={001},
language={English}
}


    
@article{ghost,
  author={Matteo Cacciari and Gavin P. Salam and Gregory Soyez},
  title={The catchment area of jets},
  journal={JHEP},
  volume={0804},
  pages={005},
  year={2008},
  } 
  
%/ATL-COM-SOFT-2007-002

@article{tchannel,
      author         = "Kersevan, Borut Paul and Richter-Was, Elzbieta",
      title          = "{The Monte Carlo event generator AcerMC version 2.0 with
                        interfaces to PYTHIA 6.2 and HERWIG 6.5}",
      year           = "2004",
      eprint         = "hep-ph/0405247",
      archivePrefix  = "arXiv",
      primaryClass   = "hep-ph",
      reportNumber   = "TPJU-6-2004",
      SLACcitation   = "%%CITATION = HEP-PH/0405247;%%",
}

@article{Aliev:2010zk,
      author         = "Aliev, M. and Lacker, H. and Langenfeld, U. and Moch, S.
                        and Uwer, P. and others",
      title          = "{HATHOR: HAdronic Top and Heavy quarks crOss section
                        calculatoR}",
      journal        = "Comput. Phys. Commun.",
      volume         = "182",
      pages          = "1034-1046",
      doi            = "10.1016/j.cpc.2010.12.040",
      year           = "2011",
      eprint         = "1007.1327",
      archivePrefix  = "arXiv",
      primaryClass   = "hep-ph",
      reportNumber   = "DESY-10-091, HU-EP-10-33, SFB-CPP-10-60",
      SLACcitation   = "%%CITATION = ARXIV:1007.1327;%%",
}

@article{Czakon:2013goa,
      author         = "Czakon, Michal and Fiedler, Paul and Mitov, Alexander",
      title          = "{The total top quark pair production cross-section at
                        hadron colliders through O($\alpha_S^4$)}",
      year           = "2013",
      reportNumber   = "CERN-PH-TH-2013-056, TTK-13-08",
      SLACcitation   = "%%CITATION = ARXIV:1303.6254;%%",
  journal = {Phys. Rev. Lett.},
  volume = {110},
  year = {2013},
  issue = {25},
  pages = {252004},
}

@article{Czakon:2012pz,
      author         = "Czakon, Michal and Mitov, Alexander",
      title          = "{NNLO corrections to top pair production at hadron
                        colliders: the quark-gluon reaction}",
      journal        = "JHEP",
      volume         = "1301",
      pages          = "080",
      doi            = "10.1007/JHEP01(2013)080",
      year           = "2013",
      SLACcitation   = "%%CITATION = ARXIV:1210.6832;%%",
}

@article{Czakon:2012zr,
      author         = "Czakon, Michal and Mitov, Alexander",
      title          = "{NNLO corrections to top-pair production at hadron
                        colliders: the all-fermionic scattering channels}",
      journal        = "JHEP",
      volume         = "1212",
      pages          = "054",
      doi            = "10.1007/JHEP12(2012)054",
      year           = "2012",
      SLACcitation   = "%%CITATION = ARXIV:1207.0236;%%",
}

@article{Baernreuther:2012ws,
      author         = "Barnreuther, Peter and Czakon, Michal and Mitov,
                        Alexander",
      title          = "{Percent Level Precision Physics at the Tevatron: First
                        Genuine NNLO QCD Corrections to $q \bar{q} \to t \bar{t} +
                        X$}",
      journal        = "Phys. Rev. Lett.",
      volume         = "109",
      pages          = "132001",
      doi            = "10.1103/PhysRevLett.109.132001",
      year           = "2012",
      SLACcitation   = "%%CITATION = ARXIV:1204.5201;%%",
}

@article{Cacciari:2011hy,
      author         = "Cacciari, Matteo and Czakon, Michal and Mangano,
                        Michelangelo and Mitov, Alexander and Nason, Paolo",
      title          = "{Top-pair production at hadron colliders with
                        next-to-next-to-leading logarithmic soft-gluon
                        resummation}",
      journal        = "Phys. Lett. B",
      volume         = "710",
      pages          = "612",
      doi            = "10.1016/j.physletb.2012.03.013",
      year           = "2012",
      reportNumber   = "CERN-PH-TH-2011-277, TTK-11-54",
      SLACcitation   = "%%CITATION = ARXIV:1111.5869;%%",
}


@article{Czakon:2011xx,
      author         = "Czakon, Michal and Mitov, Alexander",
      title          = "{Top++: A Program for the Calculation of the Top-Pair
                        Cross-Section at Hadron Colliders}",
      year           = "2011",
      eprint         = "1112.5675",
      archivePrefix  = "arXiv",
      primaryClass   = "hep-ph",
      SLACcitation   = "%%CITATION = ARXIV:1112.5675;%%",
}

@article{Martin:2009iq,
      author         = "Martin, A.D. and Stirling, W.J. and Thorne, R.S. and
                        Watt, G.",
      title          = "{Parton distributions for the LHC}",
      journal        = "Eur. Phys. J.",
      volume         = "C63",
      pages          = "189",
      doi            = "10.1140/epjc/s10052-009-1072-5",
      year           = "2009",
      reportNumber   = "IPPP-08-95, DCPT-08-190, CAVENDISH-HEP-08-16",
      SLACcitation   = "%%CITATION = ARXIV:0901.0002;%%",
}


@article{Martin:2009bu,
      author         = "Martin, A.D. and Stirling, W.J. and Thorne, R.S. and
                        Watt, G.",
      title          = "{Uncertainties on alpha(S) in global PDF analyses and
                        implications for predicted hadronic cross sections}",
      journal        = "Eur. Phys. J. C",
      volume         = "64",
      pages          = "653",
      doi            = "10.1140/epjc/s10052-009-1164-2",
      year           = "2009",
      reportNumber   = "IPPP-09-33, DCPT-09-66, CAVENDISH-HEP-09-06",
      SLACcitation   = "%%CITATION = ARXIV:0905.3531;%%",
}

@article{Ball:2012cx,
      author         = "Ball, Richard D. and others",
      title          = "{Parton distributions with LHC data}",
      journal        = "Nucl. Phys. B",
      volume         = "867",
      pages          = "244",
      doi            = "10.1016/j.nuclphysb.2012.10.003",
      year           = "2013",
      reportNumber   = "EDINBURGH-2012-08, IFUM-FT-997, FR-PHENO-2012-014,
                        RWTH-TTK-12-25, CERN-PH-TH-2012-037, SFB-CPP-12-47\",
      SLACcitation   = "%%CITATION = ARXIV:1207.1303;%%",
}

@article{Gao:2013xoa,
      author         = "Gao, Jun and others",
      title          = "{The CT10 NNLO Global Analysis of QCD}",
      year           = "2013",
      eprint         = "1302.6246",
      archivePrefix  = "arXiv",
      primaryClass   = "hep-ph",
      reportNumber   = "SMU-HEP-12-23",
      SLACcitation   = "%%CITATION = ARXIV:1302.6246;%%",
}

@article{Botje:2011sn,
      author         = "Botje, Michiel and others",
      title          = "{The PDF4LHC Working Group Interim Recommendations}",
      year           = "2011",
      eprint         = "1101.0538",
      archivePrefix  = "arXiv",
      primaryClass   = "hep-ph",
      SLACcitation   = "%%CITATION = ARXIV:1101.0538;%%",
}

@article{pdg,
      author         = "J. Beringer and others (Particle Data Group)",
      title          = "{The Review of Particle Physics}",
      year           = "2012",
journal        = "Phys. Rev. D",
      volume         = "86",
  pages="010001"
}

@article{area,
      author         = "Cacciari, Matteo and Salam, Gavin P. and Soyez, Gregory",
      title          = "{The Catchment Area of Jets}",
      journal        = "JHEP",
      volume         = "0804",
      pages          = "005",
      doi            = "10.1088/1126-6708/2008/04/005",
      year           = "2008",
      reportNumber   = "LPTHE-07-02",
      SLACcitation   = "%%CITATION = ARXIV:0802.1188;%%",
}

@article{Krohn:2009th,
      author         = "Krohn, David and Thaler, Jesse and Wang, Lian-Tao",
      title          = "{Jet Trimming}",
      journal        = "JHEP",
      volume         = "1002",
      pages          = "084",
      doi            = "10.1007/JHEP02(2010)084",
      year           = "2010",
      SLACcitation   = "%%CITATION = ARXIV:0912.1342;%%",
}


@article{jes,
  Author = "{ATLAS Collaboration}",
  journal = {ATLAS-CONF-2013-004},
  Title = {{Jet energy scale and its systematic uncertainty in
                      proton-proton collisions at $\sqrt{s}=7$ TeV with ATLAS 2011}},
  Year = {2011},
  url={https://cds.cern.ch/record/1423602}}

@article{track,
  Author = "{ATLAS Collaboration}",
  title          = "{Charged-particle multiplicities in pp interactions measured with the ATLAS detector at the LHC}",
journal        = "New J. Phys.",
      volume         = "13",
      pages          = "053033",
year           = "2011",
}

@article{wjetsxs,
  Author = "{J.M. Butterworth and others}",
  Journal = {ATL-COM-PHYS-2010-695},
  Title = {{Single Boson and Diboson Production Cross
  Sections in pp Collisions at $\sqrt{s}$=7}},
  Year = {2010}}
%https://cds.cern.ch/record/1287902

@article{schan,
  title = {Next-to-next-to-leading logarithm resummation for $s$-channel single top quark production},
  author = {Kidonakis, Nikolaos},
  journal = {Phys. Rev. D},
  volume = {81},
  pages = {054028},
  year = {2010},
  doi = {10.1103/PhysRevD.81.054028},
  publisher = {American Physical Society}
}

@article{tchan,
  title = {Next-to-next-to-leading-order collinear and soft gluon corrections for $t$-channel single top quark production},
  author = {Kidonakis, Nikolaos},
  journal = {Phys. Rev. D},
  volume = {83},
  pages = {091503},
  numpages = {5},
  year = {2011},
  doi = {10.1103/PhysRevD.83.091503},
  publisher = {American Physical Society}
}

@article{wtchan,
  title = {Two-loop soft anomalous dimensions for single top quark associated production with a ${W}^{-}$ or ${H}^{-}$},
  author = {Kidonakis, Nikolaos},
  journal = {Phys. Rev. D},
  volume = {82},
  issue = {5},
  pages = {054018},
  numpages = {10},
  year = {2010},
  month = {Sep},
  doi = {10.1103/PhysRevD.82.054018},
  publisher = {American Physical Society}
}


@article{areasATLAS,
  Author = "{ATLAS Collaboration}",
  journal = {ATLAS-CONF-2013-083},
  Title = {{Pile-up subtraction and suppression for jets in ATLAS}},
  Year = {2013},
url={https://cds.cern.ch/record/1570994}}

@article{pythia6,
  Author = {Torbj{\"o}rn Sj{\"o}strand and Stephen Mrenna and Peter Skands},
  title={PYTHIA 6.4 physics and manual},
  journal={JHEP},
  volume={0605},
  pages={026},
  year={2006},}

