%% This BibTeX bibliography file was created using BibDesk.
%% http://bibdesk.sourceforge.net/

%% Created for David Wardrope at 2016-05-10 10:04:27 +0100 


%% Saved with string encoding Unicode (UTF-8) 

@article{keras,
  title={Keras},
  author={Chollet, Fran\c{c}ois},
  year={2015},
  journal={GitHub},
  url={https://github.com/fchollet/keras},
}


@ARTICLE{theano,
   author = {{Theano Development Team}},
    title = "{Theano: A {Python} framework for fast computation of mathematical expressions}",
 keywords = {Computer Science - Symbolic Computation, Computer Science - Learning, Computer Science - Mathematical Software},
     year = 2016,
    month = may,
        eprint         = "1605.02688",
   archivePrefix  = "arXiv"
}

@article{cho14,
  author    = {Kyunghyun Cho and
               Bart van Merrienboer and
               {\c{C}}aglar G{\"{u}}l{\c{c}}ehre and
               Fethi Bougares and
               Holger Schwenk and
               Yoshua Bengio},
  title     = {Learning Phrase Representations using {RNN} Encoder-Decoder for Statistical
               Machine Translation},
  year      = {2014},
    eprint         = "1406.1078",
   archivePrefix  = "arXiv",
  timestamp = {Wed, 02 Jul 2014 08:24:58 +0200},
  biburl    = {http://dblp.uni-trier.de/rec/bib/journals/corr/ChoMGBSB14},
  bibsource = {dblp computer science bibliography, http://dblp.org}
}

@book{dlbook,
    title={Deep Learning},
    author={Ian Goodfellow and Yoshua Bengio and Aaron Courville},
    publisher={MIT Press},
    note={\url{http://www.deeplearningbook.org}},
    year={2016}
}

@misc{lwtnn,
  author       = {Daniel Hay Guest and
                  Michela Paganini and
                  Micheal Kagan and
                  Joshua Wyatt Smith and
                  Marie Lanfermann},
  title        = {lwtnn/lwtnn: Release for Athena v21},
  month        = feb,
  year         = 2017,
  doi          = {10.5281/zenodo.290682},
  url          = {https://doi.org/10.5281/zenodo.290682}
}


@article{ATLAS-CONF-2016-017,
	Author = "{ATLAS Collaboration}",
	Address = {Geneva},
	Date-Added = {2016-05-10 09:02:37 +0000},
	Date-Modified = {2016-05-10 09:02:37 +0000},
	Institution = {CERN},
	Month = {Mar},
	Number = {ATLAS-CONF-2016-017},
	Reportnumber = {ATLAS-CONF-2016-017},
	Title = {{Search for pair production of Higgs bosons in the $b\bar{b}b\bar{b}$ final state using proton-proton collisions at $\sqrt{s} = 13$ TeV with the ATLAS detector}},
	Url = {http://cds.cern.ch/record/2141006},
	Year = {2016},
	Bdsk-Url-1 = {http://cds.cern.ch/record/2141006}}

@article{Buckley:2014ana,
	Archiveprefix = {arXiv},
	Author = {Buckley, Andy and Ferrando, James and Lloyd, Stephen and Nordstr{\"o}m, Karl and Page, Ben and R{\"u}fenacht, Martin and Sch{\"o}nherr, Marek and Watt, Graeme},
	Date-Added = {2016-02-23 18:47:51 +0000},
	Date-Modified = {2016-02-23 18:47:51 +0000},
	Doi = {10.1140/epjc/s10052-015-3318-8},
	Eprint = {1412.7420},
	Journal = {Eur. Phys. J.},
	Pages = {132},
	Title = {{LHAPDF6: parton density access in the LHC precision era}},
	Volume = {C75},
	Year = {2015},
	Bdsk-Url-1 = {http://dx.doi.org/10.1140/epjc/s10052-015-3318-8}}

@article{0954-3899-43-2-023001,
	Author = {Jon Butterworth and Stefano Carrazza and Amanda Cooper-Sarkar and Albert De Roeck and Jo{\"e}l Feltesse and Stefano Forte and Jun Gao and Sasha Glazov and Joey Huston and Zahari Kassabov and Ronan McNulty and Andreas Morsch and Pavel Nadolsky and Voica Radescu and Juan Rojo and Robert Thorne},
	Date-Added = {2016-02-23 18:46:04 +0000},
	Date-Modified = {2016-02-23 18:46:44 +0000},
	Journal = {Journal of Physics G: Nuclear and Particle Physics},
	Number = {2},
	Pages = {023001},
	Title = {PDF4LHC recommendations for LHC Run II},
	Volume = {43},
	Year = {2016}}

@webpage{PMG_PDFRec,
	Date-Added = {2016-02-23 18:43:05 +0000},
	Date-Modified = {2016-02-23 18:43:05 +0000},
	Url = {https://twiki.cern.ch/twiki/bin/view/AtlasProtected/PdfRecommendations},
	Bdsk-Url-1 = {https://twiki.cern.ch/twiki/bin/view/AtlasProtected/PdfRecommendations}}

@webpage{StirlingPartonLumi,
	Date-Added = {2016-02-06 13:30:40 +0000},
	Date-Modified = {2016-02-06 13:32:04 +0000},
	Title = {James Stirling, Private Communication},
	Url = {http://www.hep.ph.ic.ac.uk/~wstirlin/plots/plots.html},
	Bdsk-Url-1 = {http://www.hep.ph.ic.ac.uk/~wstirlin/plots/plots.html}}

@webpage{LHCHXSWGHH,
	Date-Added = {2016-01-25 13:54:00 +0000},
	Date-Modified = {2016-01-25 13:54:16 +0000},
	Lastchecked = {25th January 2016},
	Url = {https://twiki.cern.ch/twiki/bin/view/LHCPhysics/LHCHXSWGHH},
	Bdsk-Url-1 = {https://twiki.cern.ch/twiki/bin/view/LHCPhysics/LHCHXSWGHH}}

@webpage{ATLASNNLOTopXsec,
	Date-Added = {2016-01-13 13:45:33 +0000},
	Date-Modified = {2016-01-13 13:45:50 +0000},
	Lastchecked = {13th January 2016},
	Url = {https://twiki.cern.ch/twiki/bin/view/LHCPhysics/TtbarNNLO},
	Bdsk-Url-1 = {https://twiki.cern.ch/twiki/bin/view/LHCPhysics/TtbarNNLO}}

@webpage{HBSMNtuple,
	Date-Added = {2016-01-11 11:09:30 +0000},
	Date-Modified = {2016-01-11 11:10:05 +0000},
	Lastchecked = {11th January 2016},
	Month = {January},
	Url = {https://twiki.cern.ch/twiki/bin/view/AtlasProtected/HiggsBSM2HDMRecommendations},
	Year = {2016},
	Bdsk-Url-1 = {https://twiki.cern.ch/twiki/bin/view/AtlasProtected/HiggsBSM2HDMRecommendations}}

@article{ref:Run1ResolvedSupport,
	Address = {Geneva},
	Author = {Alison, J and Cooper, B and Falla, R and Konstantinidis, N and Norjoharuddeen, N and Wardrope, D},
	Date-Added = {2015-12-21 21:37:28 +0000},
	Date-Modified = {2015-12-21 21:37:52 +0000},
	Institution = {CERN},
	Month = {Sep},
	Number = {ATL-COM-PHYS-2014-1248},
	Reportnumber = {ATL-COM-PHYS-2014-1248},
	Title = {{A Search for TeV-Scale Resonances Decaying to hh$\rightarrow$bbbb}},
	Url = {https://cds.cern.ch/record/1950627},
	Year = {2014},
	Bdsk-Url-1 = {https://cds.cern.ch/record/1950627}}

@webpage{SMHHPrediction,
	Date-Added = {2015-12-09 19:26:50 +0000},
	Date-Modified = {2015-12-09 19:26:50 +0000},
	Lastchecked = {9th December 2015},
	Url = {http://indico.cern.ch/event/456224/contribution/14/attachments/1189930/1727129/HH_NNLL.pdf},
	Bdsk-Url-1 = {http://indico.cern.ch/event/456224/contribution/14/attachments/1189930/1727129/HH_NNLL.pdf}}

@article{ATL-PHYS-PUB-2014-021,
	Address = {Geneva},
	Date-Added = {2015-12-09 10:00:14 +0000},
	Date-Modified = {2015-12-09 10:00:14 +0000},
	Institution = {CERN},
	Month = {Nov},
	Number = {ATL-PHYS-PUB-2014-021},
	Reportnumber = {ATL-PHYS-PUB-2014-021},
	Title = {{ATLAS Run 1 Pythia8 tunes}},
	Url = {https://cds.cern.ch/record/1966419},
	Year = {2014},
	Bdsk-Url-1 = {https://cds.cern.ch/record/1966419}}

@article{ATLASHHbbbb,
	Date-Added = {2015-12-08 15:52:50 +0000},
	Date-Modified = {2015-12-09 09:38:20 +0000},
	Doi = {10.1140/epjc/s10052-015-3628-x},
	Eid = {412},
	Issn = {1434-6044},
	Journal = {The European Physical Journal C},
	Language = {English},
	Number = {9},
	Publisher = {Springer Berlin Heidelberg},
	Title = {Search for Higgs boson pair production in the $b\bar{b}b\bar{b}$ final state from $pp$ collisions at $\sqrt{s} = 8$ TeV with the ATLAS detector},
	Url = {http://dx.doi.org/10.1140/epjc/s10052-015-3628-x},
	Volume = {75},
	Year = {2015},
	Bdsk-Url-1 = {http://dx.doi.org/10.1140/epjc/s10052-015-3628-x}}

@article{ATLASHHComb,
	Author = {Aad, G.},
	Collaboration = {ATLAS Collaboration},
	Date-Added = {2015-12-08 15:50:26 +0000},
	Date-Modified = {2015-12-08 15:55:07 +0000},
	Doi = {10.1103/PhysRevD.92.092004},
	Issue = {9},
	Journal = {Phys. Rev. D},
	Month = {Nov},
	Numpages = {30},
	Pages = {092004},
	Publisher = {American Physical Society},
	Title = {Searches for Higgs boson pair production in the $hh\ensuremath{\rightarrow}bb\ensuremath{\tau}\ensuremath{\tau}$, $\ensuremath{\gamma}\ensuremath{\gamma}W{W}^{*}$, $\ensuremath{\gamma}\ensuremath{\gamma}bb$, $bbbb$ channels with the ATLAS detector},
	Url = {http://link.aps.org/doi/10.1103/PhysRevD.92.092004},
	Volume = {92},
	Year = {2015},
	Bdsk-Url-1 = {http://link.aps.org/doi/10.1103/PhysRevD.92.092004},
	Bdsk-Url-2 = {http://dx.doi.org/10.1103/PhysRevD.92.092004}}
	
@article{ref:btagPaper,
  author="{ATLAS Collaboration}",
  title={Performance of $b$-jet identification in the ATLAS experiment},
  journal={Journal of Instrumentation},
  volume={11},
  number={04},
  pages={P04008},
  url={http://stacks.iop.org/1748-0221/11/i=04/a=P04008},
  year={2016}}

@article{ATL-PHYS-PUB-2015-022,
	Author = "{ATLAS Collaboration}",
	Address = {Geneva},
	Date-Added = {2015-11-19 15:03:57 +0000},
	Date-Modified = {2015-11-19 15:03:57 +0000},
	Institution = {CERN},
	Month = {Jul},
	Number = {ATL-PHYS-PUB-2015-022},
	Reportnumber = {ATL-PHYS-PUB-2015-022},
	Title = {{Expected performance of the ATLAS $b$-tagging algorithms in Run-2}},
	Url = {https://cds.cern.ch/record/2037697},
	Year = {2015},
	Bdsk-Url-1 = {https://cds.cern.ch/record/2037697}}

@article{JVT,
	Author = "{ATLAS Collaboration}",
	Address = {Geneva},
	Date-Added = {2015-11-19 14:58:48 +0000},
	Date-Modified = {2015-11-19 14:59:00 +0000},
	Institution = {CERN},
	Month = {May},
	Number = {ATLAS-CONF-2014-018},
	Reportnumber = {ATLAS-CONF-2014-018},
	Title = {{Tagging and suppression of pileup jets with the ATLAS detector}},
	Url = {https://cds.cern.ch/record/1700870},
	Year = {2014},
	Bdsk-Url-1 = {https://cds.cern.ch/record/1700870}}

@article{Frixione:2007nw,
	Archiveprefix = {arXiv},
	Author = {Frixione, Stefano and Nason, Paolo and Ridolfi, Giovanni},
	Date-Added = {2015-05-14 11:33:39 +0000},
	Date-Modified = {2015-05-14 11:33:39 +0000},
	Eprint = {0707.3088},
	Journal = {JHEP},
	Pages = {126},
	Primaryclass = {hep-ph},
	Reportnumber = {BICOCCA-FT-07-12, GEF-TH-19-2007},
	Slaccitation = {%%CITATION = ARXIV:0707.3088;%%},
	Title = {{A Positive-weight next-to-leading-order Monte Carlo for heavy flavour hadroproduction}},
	Volume = {09},
	Year = {2007},
	Bdsk-Url-1 = {http://dx.doi.org/10.1088/1126-6708/2007/09/126}}

@article{Alioli:2010xd,
	Archiveprefix = {arXiv},
	Author = {Alioli, Simone and Nason, Paolo and Oleari, Carlo and Re, Emanuele},
	Date-Added = {2015-05-14 11:33:23 +0000},
	Date-Modified = {2015-05-14 11:33:23 +0000},
	Eprint = {1002.2581},
	Journal = {JHEP},
	Pages = {043},
	Primaryclass = {hep-ph},
	Reportnumber = {DESY-10-018, SFB-CPP-10-22, IPPP-10-11, DCPT-10-22},
	Slaccitation = {%%CITATION = ARXIV:1002.2581;%%},
	Title = {{A general framework for implementing NLO calculations in shower Monte Carlo programs: the POWHEG BOX}},
	Volume = {06},
	Year = {2010},
	Bdsk-Url-1 = {http://dx.doi.org/10.1007/JHEP06(2010)043}}

@article{Alioli:2010qp,
	Archiveprefix = {arXiv},
	Author = {Alioli, Simone and Nason, Paolo and Oleari, Carlo and Re, Emanuele},
	Date-Added = {2015-05-14 11:32:46 +0000},
	Date-Modified = {2015-05-14 11:32:46 +0000},
	Eprint = {1009.5594},
	Journal = {JHEP},
	Pages = {095},
	Primaryclass = {hep-ph},
	Reportnumber = {DESY-10-158, SFB-CPP-10-85, IPPP-10-78, DCPT-10-156},
	Slaccitation = {%%CITATION = ARXIV:1009.5594;%%},
	Title = {{Vector boson plus one jet production in POWHEG}},
	Volume = {01},
	Year = {2011},
	Bdsk-Url-1 = {http://dx.doi.org/10.1007/JHEP01(2011)095}}

@misc{mg5url,
	Author = {Hespel, Benoit and Vryonidou, Eleni},
	Date-Added = {2015-05-01 13:16:23 +0000},
	Date-Modified = {2015-05-01 13:18:56 +0000},
	Lastchecked = {24th April 2015},
	Month = {Jan},
	Title = {Higgs Pair Production},
	Url = {https://cp3.irmp.ucl.ac.be/projects/madgraph/wiki/HiggsPairProduction},
	Urldate = {24th April 2015},
	Year = {2015},
	Bdsk-Url-1 = {https://cp3.irmp.ucl.ac.be/projects/madgraph/wiki/HiggsPairProduction}}

@article{Dittmaier:2003ej,
	Archiveprefix = {arXiv},
	Author = {Dittmaier, Stefan and Kramer, Michael and Spira, Michael},
	Date-Added = {2015-04-02 21:47:25 +0000},
	Date-Modified = {2015-04-02 21:47:25 +0000},
	Eprint = {hep-ph/0309204},
	Journal = {Phys. Rev. D},
	Pages = {074010},
	Reportnumber = {EDINBURGH-2003-13, MPP-2003-49, PSI-PR-03-14},
	Slaccitation = {%%CITATION = HEP-PH/0309204;%%},
	Title = {{Higgs radiation off bottom quarks at the Tevatron and the CERN LHC}},
	Volume = {70},
	Year = {2004},
	Bdsk-Url-1 = {http://dx.doi.org/10.1103/PhysRevD.70.074010}}

@article{Dawson:2003kb,
	Archiveprefix = {arXiv},
	Author = {Dawson, S. and Jackson, C.B. and Reina, L. and Wackeroth, D.},
	Date-Added = {2015-04-02 21:46:49 +0000},
	Date-Modified = {2015-04-02 21:46:49 +0000},
	Eprint = {hep-ph/0311067},
	Journal = {Phys. Rev. D},
	Pages = {074027},
	Reportnumber = {BNL-HET-03-17, FSU-HEP-2003-1015, UB-HET-03-05},
	Slaccitation = {%%CITATION = HEP-PH/0311067;%%},
	Title = {{Exclusive Higgs boson production with bottom quarks at hadron colliders}},
	Volume = {69},
	Year = {2004},
	Bdsk-Url-1 = {http://dx.doi.org/10.1103/PhysRevD.69.074027}}

@article{Harlander:2011aa,
	Archiveprefix = {arXiv},
	Author = {Harlander, Robert and Kramer, Michael and Schumacher, Markus},
	Date-Added = {2015-04-02 21:41:11 +0000},
	Date-Modified = {2015-04-02 21:44:23 +0000},
	Eprint = {1112.3478},
	Reportnumber = {CERN-PH-TH-2011-134, FR-PHENO-2011-009, TTK-11-17, WUB-11-04},
	Slaccitation = {%%CITATION = ARXIV:1112.3478;%%},
	Title = {{Bottom-quark associated Higgs-boson production: reconciling the four- and five-flavour scheme approach}},
	Year = {2011}}

@article{Heinemeyer:1559921,
	Address = {Geneva},
	Collaboration = {LHC Higgs Cross Section Working Group},
	Date-Added = {2015-03-30 14:43:21 +0000},
	Date-Modified = {2015-03-30 14:44:37 +0000},
	Note = {Comments: 404 pages, 139 figures, to be submitted to CERN Report. Working Group web page: https://twiki.cern.ch/twiki/bin/view/LHCPhysics/CrossSections},
	Number = {arXiv:1307.1347. CERN-2013-004},
	Title = {{Handbook of LHC Higgs Cross Sections: 3. Higgs Properties: Report of the LHC Higgs Cross Section Working Group}},
	Url = {http://arxiv.org/abs/1307.1347},
	Year = {2013},
	Bdsk-Url-1 = {http://arxiv.org/abs/1307.1347}}

@article{Heinemeyer:2013tqa,
	Archiveprefix = {arXiv},
	Author = {Heinemeyer, S and others},
	Collaboration = {LHC Higgs Cross Section Working Group},
	Doi = {10.5170/CERN-2013-004},
	Editor = {Heinemeyer, S},
	Eprint = {1307.1347},
	Reportnumber = {CERN-2013-004, FERMILAB-CONF-13-667-T},
	Slaccitation = {%%CITATION = ARXIV:1307.1347;%%},
	Title = {{Handbook of LHC Higgs Cross Sections: 3. Higgs Properties}},
	Year = {2013},
	Bdsk-Url-1 = {http://dx.doi.org/10.5170/CERN-2013-004}}

@article{Khachatryan:2014jya,
	Archiveprefix = {arXiv},
	Collaboration = {CMS},
	Date-Added = {2015-03-03 11:06:55 +0000},
	Date-Modified = {2015-03-03 11:11:27 +0000},
	Eprint = {1410.2751},
	Journal = {Phys. Rev. D},
	Pages = {112013},
	Reportnumber = {CMS-HIG-13-025, CERN-PH-EP-2014-239},
	Slaccitation = {%%CITATION = ARXIV:1410.2751;%%},
	Title = {{Searches for heavy Higgs bosons in two-Higgs-doublet models and for $t\rightarrow ch$ decay using multilepton and diphoton final states in $pp$ collisions at 8 TeV}},
	Volume = {90},
	Year = {2014},
	Bdsk-Url-1 = {http://dx.doi.org/10.1103/PhysRevD.90.112013}}

@article{Khachatryan:2015yea,
	Archiveprefix = {arXiv},
	Collaboration = {CMS},
	Eprint = {1503.04114},
	Reportnumber = {CMS-HIG-14-013, CERN-PH-EP-2015-042},
	Slaccitation = {%%CITATION = ARXIV:1503.04114;%%},
	Title = {{Search for resonant pair production of Higgs bosons decaying to two bottom quark-antiquark pairs in proton-proton collisions at 8 TeV}},
	Year = {2015}}

@article{Bonciani:2010ms,
	Archiveprefix = {arXiv},
	Author = {Bonciani, R. and Degrassi, G. and Vicini, A.},
	Date-Added = {2015-02-23 12:09:22 +0000},
	Date-Modified = {2015-02-23 12:09:22 +0000},
	Eprint = {1007.1891},
	Journal = {Comput. Phys. Commun.},
	Pages = {1253},
	Reportnumber = {LPSC-10-95, RM3-TH-10-15, IFUM-960-FT},
	Slaccitation = {%%CITATION = ARXIV:1007.1891;%%},
	Title = {{On the Generalized Harmonic Polylogarithms of One Complex Variable}},
	Volume = {182},
	Year = {2011},
	Bdsk-Url-1 = {http://dx.doi.org/10.1016/j.cpc.2011.02.011}}

@article{Eriksson:2009ws,
	Archiveprefix = {arXiv},
	Author = {Eriksson, David and Rathsman, Johan and Stal, Oscar},
	Date-Added = {2015-02-23 12:06:20 +0000},
	Date-Modified = {2015-02-23 12:06:20 +0000},
	Eprint = {0902.0851},
	Journal = {Comput. Phys. Commun.},
	Pages = {189},
	Slaccitation = {%%CITATION = ARXIV:0902.0851;%%},
	Title = {{2HDMC: Two-Higgs-Doublet Model Calculator Physics and Manual}},
	Volume = {181},
	Year = {2010},
	Bdsk-Url-1 = {http://dx.doi.org/10.1016/j.cpc.2009.09.011}}

@article{Aglietti:2004nj,
	Archiveprefix = {arXiv},
	Author = {Aglietti, U. and Bonciani, R. and Degrassi, G. and Vicini, A.},
	Date-Added = {2015-02-23 12:03:25 +0000},
	Date-Modified = {2015-02-23 12:03:25 +0000},
	Eprint = {hep-ph/0404071},
	Journal = {Phys. Lett. B},
	Pages = {432},
	Reportnumber = {ROME1-1373-04, FREIBURG-THEP-04-05, RM3-TH-04-06, IFUM-788-FT},
	Slaccitation = {%%CITATION = HEP-PH/0404071;%%},
	Title = {{Two loop light fermion contribution to Higgs production and decays}},
	Volume = {595},
	Year = {2004},
	Bdsk-Url-1 = {http://dx.doi.org/10.1016/j.physletb.2004.06.063}}

@article{Harlander:2003ai,
	Archiveprefix = {arXiv},
	Author = {Harlander, Robert V. and Kilgore, William B.},
	Date-Added = {2015-02-23 12:02:51 +0000},
	Date-Modified = {2015-02-23 12:02:51 +0000},
	Eprint = {hep-ph/0304035},
	Journal = {Phys. Rev. D},
	Pages = {013001},
	Reportnumber = {BNL-HET-03-4, CERN-TH-2003-067},
	Slaccitation = {%%CITATION = HEP-PH/0304035;%%},
	Title = {{Higgs boson production in bottom quark fusion at next-to-next-to leading order}},
	Volume = {68},
	Year = {2003},
	Bdsk-Url-1 = {http://dx.doi.org/10.1103/PhysRevD.68.013001}}

@article{Harlander:2002wh,
	Archiveprefix = {arXiv},
	Author = {Harlander, Robert V. and Kilgore, William B.},
	Date-Added = {2015-02-23 12:02:20 +0000},
	Date-Modified = {2015-02-23 12:02:20 +0000},
	Eprint = {hep-ph/0201206},
	Journal = {Phys. Rev. Lett.},
	Pages = {201801},
	Reportnumber = {BNL-HET-02-3, CERN-TH-2002-006},
	Slaccitation = {%%CITATION = HEP-PH/0201206;%%},
	Title = {{Next-to-next-to-leading order Higgs production at hadron colliders}},
	Volume = {88},
	Year = {2002},
	Bdsk-Url-1 = {http://dx.doi.org/10.1103/PhysRevLett.88.201801}}

@article{Harlander:2005rq,
	Archiveprefix = {arXiv},
	Author = {Harlander, Robert and Kant, Philipp},
	Date-Added = {2015-02-23 12:01:33 +0000},
	Date-Modified = {2015-02-23 12:01:33 +0000},
	Eprint = {hep-ph/0509189},
	Journal = {JHEP},
	Pages = {015},
	Reportnumber = {TTP05-18, SFB-CPP-05-49},
	Slaccitation = {%%CITATION = HEP-PH/0509189;%%},
	Title = {{Higgs production and decay: Analytic results at next-to-leading order QCD}},
	Volume = {12},
	Year = {2005},
	Bdsk-Url-1 = {http://dx.doi.org/10.1088/1126-6708/2005/12/015}}

@article{Harlander:2012pb,
	Archiveprefix = {arXiv},
	Author = {Harlander, Robert V. and Liebler, Stefan and Mantler, Hendrik},
	Date-Added = {2015-02-23 11:59:57 +0000},
	Date-Modified = {2015-02-23 11:59:57 +0000},
	Eprint = {1212.3249},
	Journal = {Comput. Phys. Commun.},
	Pages = {1605},
	Reportnumber = {WUB-12-28, LPN12-134},
	Slaccitation = {%%CITATION = ARXIV:1212.3249;%%},
	Title = {{SusHi: A program for the calculation of Higgs production in gluon fusion and bottom-quark annihilation in the Standard Model and the MSSM}},
	Volume = {184},
	Year = {2013},
	Bdsk-Url-1 = {http://dx.doi.org/10.1016/j.cpc.2013.02.006}}

@misc{CP3BulkRS,
	Author = {Antipin, Oleg and Hapola, Tuomas},
	Date-Added = {2015-02-23 11:52:17 +0000},
	Date-Modified = {2015-02-23 11:53:13 +0000},
	Month = {Dec},
	Title = {Tools for Discovering Extra Dimensions},
	Url = {http://cp3-origins.dk/research/units/ed-tools},
	Year = {2013},
	Bdsk-Url-1 = {http://cp3-origins.dk/research/units/ed-tools}}

@article{Branco:2011iw,
	Archiveprefix = {arXiv},
	Author = {Branco, G.C. and others},
	Date-Added = {2015-02-20 14:44:52 +0000},
	Date-Modified = {2015-05-14 16:35:00 +0000},
	Eprint = {1106.0034},
	Journal = {Phys. Rept.},
	Pages = {1},
	Slaccitation = {%%CITATION = ARXIV:1106.0034;%%},
	Title = {{Theory and phenomenology of two-Higgs-doublet models}},
	Volume = {516},
	Year = {2012},
	Bdsk-Url-1 = {http://dx.doi.org/10.1016/j.physrep.2012.02.002}}

@article{Wenninger:1546734,
	Address = {Geneva},
	Author = {Wenninger, J},
	Date-Added = {2015-02-17 18:55:33 +0000},
	Date-Modified = {2015-02-17 18:55:33 +0000},
	Institution = {CERN},
	Month = {May},
	Number = {CERN-ATS-2013-040},
	Title = {{Energy Calibration of the LHC Beams at 4 TeV}},
	Url = {http://cds.cern.ch/record/1546734},
	Year = {2013},
	Bdsk-Url-1 = {http://cds.cern.ch/record/1546734}}

@article{Ball:2012cx,
	Archiveprefix = {arXiv},
	Author = {Ball, Richard D. and others},
	Date-Added = {2015-02-17 18:50:04 +0000},
	Date-Modified = {2015-05-14 16:36:28 +0000},
	Eprint = {1207.1303},
	Journal = {Nucl. Phys. B},
	Pages = {244},
	Reportnumber = {EDINBURGH-2012-08, IFUM-FT-997, FR-PHENO-2012-014, RWTH-TTK-12-25, CERN-PH-TH-2012-037, SFB-CPP-12-47\},
	Slaccitation = {%%CITATION = ARXIV:1207.1303;%%},
	Title = {{Parton distributions with LHC data}},
	Volume = {867},
	Year = {2013},
	Bdsk-Url-1 = {http://dx.doi.org/10.1016/j.nuclphysb.2012.10.003}}

@article{Martin:2009nx,
	Archiveprefix = {arXiv},
	Author = {Martin, A.D. and Stirling, W.J. and Thorne, R.S. and Watt, G.},
	Date-Added = {2015-02-17 18:48:10 +0000},
	Date-Modified = {2015-02-17 18:48:13 +0000},
	Eprint = {0901.0002},
	Issn = {1434-6044},
	Journal = {Eur. Phys. J. C},
	Language = {English},
	Pages = {189},
	Publisher = {Springer-Verlag},
	Title = {Parton distributions for the LHC},
	Volume = {63},
	Year = {2009},
	Bdsk-Url-1 = {http://dx.doi.org/10.1140/epjc/s10052-009-1072-5}}

@article{Gleisberg:2008ta,
	Archiveprefix = {arXiv},
	Author = {Gleisberg, T. and others},
	Date-Added = {2015-01-18 15:50:12 +0000},
	Date-Modified = {2015-01-18 15:50:12 +0000},
	Eprint = {0811.4622},
	Journal = {JHEP},
	Pages = {007},
	Reportnumber = {FERMILAB-PUB-08-477-T, SLAC-PUB-13420, ZU-TH-17-08, DCPT-08-138, IPPP-08-69, EDINBURGH-2008-30, MCNET-08-14},
	Slaccitation = {%%CITATION = ARXIV:0811.4622;%%},
	Title = {{Event generation with SHERPA 1.1}},
	Volume = {02},
	Year = {2009},
	Bdsk-Url-1 = {http://dx.doi.org/10.1088/1126-6708/2009/02/007}}

@article{Contino:2012xk,
	Archiveprefix = {arXiv},
	Author = {Contino, Roberto and others},
	Date-Added = {2015-01-18 15:40:58 +0000},
	Date-Modified = {2015-05-14 16:35:18 +0000},
	Eprint = {1205.5444},
	Journal = {JHEP},
	Pages = {154},
	Slaccitation = {%%CITATION = ARXIV:1205.5444;%%},
	Title = {{Anomalous Couplings in Double Higgs Production}},
	Volume = {08},
	Year = {2012},
	Bdsk-Url-1 = {http://dx.doi.org/10.1007/JHEP08(2012)154}}

@article{Grober:2010yv,
	Archiveprefix = {arXiv},
	Author = {Grober, R. and Muhlleitner, M.},
	Date-Added = {2015-01-18 15:40:14 +0000},
	Date-Modified = {2015-01-18 15:40:14 +0000},
	Eprint = {1012.1562},
	Journal = {JHEP},
	Pages = {020},
	Reportnumber = {KA-TP-37-2010},
	Slaccitation = {%%CITATION = ARXIV:1012.1562;%%},
	Title = {{Composite Higgs Boson Pair Production at the LHC}},
	Volume = {06},
	Year = {2011},
	Bdsk-Url-1 = {http://dx.doi.org/10.1007/JHEP06(2011)020}}

@article{PhysRevD.86.095023,
	Archiveprefix = {arXiv},
	Author = {Kribs, Graham D. and Martin, Adam},
	Date-Added = {2015-01-18 15:39:23 +0000},
	Date-Modified = {2015-01-18 15:39:23 +0000},
	Eprint = {1207.4496},
	Issue = {9},
	Journal = {Phys. Rev. D},
	Month = {Nov},
	Numpages = {12},
	Pages = {095023},
	Publisher = {American Physical Society},
	Title = {Enhanced di-Higgs production through light colored scalars},
	Volume = {86},
	Year = {2012},
	Bdsk-Url-1 = {http://link.aps.org/doi/10.1103/PhysRevD.86.095023},
	Bdsk-Url-2 = {http://dx.doi.org/10.1103/PhysRevD.86.095023}}

@article{Czakon:20142930,
	Archiveprefix = {arXiv},
	Author = {Micha{\l} Czakon and Alexander Mitov},
	Date-Added = {2015-01-09 15:29:33 +0000},
	Date-Modified = {2015-01-09 15:30:03 +0000},
	Eprint = {1112.5675},
	Issn = {0010-4655},
	Journal = {Comput. Phys. Commun.},
	Keywords = {Hadron colliders},
	Pages = {2930},
	Title = {Top++: A program for the calculation of the top-pair cross-section at hadron colliders},
	Volume = {185},
	Year = {2014},
	Bdsk-Url-1 = {http://www.sciencedirect.com/science/article/pii/S0010465514002264},
	Bdsk-Url-2 = {http://dx.doi.org/10.1016/j.cpc.2014.06.021}}

@article{Aad:2014yja,
	Archiveprefix = {arXiv},
	Author = "{ATLAS Collaboration}",
	Date-Added = {2014-12-10 17:08:23 +0000},
	Date-Modified = {2015-01-09 14:17:42 +0000},
	Eprint = {1406.5053},
	Journal = {Phys. Rev. Lett.},
	Pages = {081802},
	Slaccitation = {%%CITATION = ARXIV:1406.5053;%%},
	Title = {{Search For Higgs Boson Pair Production in the $\gamma\gamma b\bar{b}$ Final State using $pp$ Collision Data at $\sqrt{s}=8$ TeV from the ATLAS Detector}},
	Volume = {114},
	Year = {2015}}

@article{Cowan:2010js,
	Archiveprefix = {arXiv},
	Author = {Cowan, Glen and Cranmer, Kyle and Gross, Eilam and Vitells, Ofer},
	Date-Added = {2014-12-09 17:32:42 +0000},
	Date-Modified = {2014-12-09 17:32:42 +0000},
	Eprint = {1007.1727},
	Journal = {Eur. Phys. J. C},
	Pages = {1554},
	Slaccitation = {%%CITATION = ARXIV:1007.1727;%%},
	Title = {{Asymptotic formulae for likelihood-based tests of new physics}},
	Volume = {71},
	Year = {2011},
	Bdsk-Url-1 = {http://dx.doi.org/10.1140/epjc/s10052-011-1554-0}}

@article{Cowan:2013erratum,
	Archiveprefix = {arXiv},
	Author = {Cowan, Glen and Cranmer, Kyle and Gross, Eilam and Vitells, Ofer},
	Date-Added = {2014-12-09 17:32:42 +0000},
	Date-Modified = {2014-12-09 17:32:42 +0000},
	Eprint = {1007.1727},
	Journal = {Eur. Phys. J. C},
	Pages = {2501},
	Slaccitation = {%%CITATION = ARXIV:1007.1727;%%},
	Title = {{Erratum: Asymptotic formulae for likelihood-based tests of new physics}},
	Volume = {73},
	Year = {2013},
	Bdsk-Url-1 = {http://dx.doi.org/10.1140/epjc/s10052-013-2501-z}}

@article{Aad:2012tfa,
	Archiveprefix = {arXiv},
	Author = "{ATLAS Collaboration}",
	Date-Added = {2014-12-09 17:31:51 +0000},
	Date-Modified = {2014-12-09 17:31:51 +0000},
	Eprint = {1207.7214},
	Journal = {Phys. Lett. B},
	Pages = {1},
	Reportnumber = {CERN-PH-EP-2012-218},
	Slaccitation = {%%CITATION = ARXIV:1207.7214;%%},
	Title = {{Observation of a new particle in the search for the Standard Model Higgs boson with the ATLAS detector at the LHC}},
	Volume = {716},
	Year = {2012},
	Bdsk-Url-1 = {http://dx.doi.org/10.1016/j.physletb.2012.08.020}}

@article{ATLAS-CONF-2014-004,
	Address = {Geneva},
	Author = "{ATLAS Collaboration}",
	Date-Added = {2014-12-09 13:46:57 +0000},
	Date-Modified = {2015-01-09 15:33:40 +0000},
	Journal = {\href{http://cds.cern.ch/record/1664335}{ATLAS-CONF-2014-004}},
	Title = {{Calibration of $b$-tagging using dileptonic top pair events in a combinatorial likelihood approach with the ATLAS experiment}},
	Url = {http://cds.cern.ch/record/1664335},
	Bdsk-Url-1 = {http://cds.cern.ch/record/1664335}}

@article{jvf,
	Author = "{ATLAS Collaboration}",
	Date-Added = {2014-12-09 13:40:07 +0000},
	Date-Modified = {2015-01-09 15:06:39 +0000},
	Journal = {\href{http://cds.cern.ch/record/1570994}{ATLAS-CONF-2013-083}},
	Title = {{Pile-up subtraction and suppression for jets in ATLAS}},
	Url = {http://cds.cern.ch/record/1570994},
	Bdsk-Url-1 = {http://cds.cern.ch/record/1570994}}

@article{Cacciari:2007fd,
	Archiveprefix = {arXiv},
	Author = {Cacciari, Matteo and Salam, Gavin P.},
	Eprint = {0707.1378},
	Journal = {Phys. Lett. B},
	Pages = {119},
	Reportnumber = {LPTHE-07-01},
	Slaccitation = {%%CITATION = ARXIV:0707.1378;%%},
	Title = {{Pileup subtraction using jet areas}},
	Volume = {659},
	Year = {2008},
	Bdsk-Url-1 = {http://dx.doi.org/10.1016/j.physletb.2007.09.077}}

@article{Cacciari:2008gn,
	Archiveprefix = {arXiv},
	Author = {Cacciari, Matteo and Salam, Gavin P. and Soyez, Gregory},
	Date-Added = {2014-12-09 13:38:06 +0000},
	Date-Modified = {2014-12-09 13:38:06 +0000},
	Eprint = {0802.1188},
	Journal = {JHEP},
	Pages = {005},
	Reportnumber = {LPTHE-07-02},
	Slaccitation = {%%CITATION = ARXIV:0802.1188;%%},
	Title = {{The Catchment Area of Jets}},
	Volume = {04},
	Year = {2008},
	Bdsk-Url-1 = {http://dx.doi.org/10.1088/1126-6708/2008/04/005}}

@article{Aad:2011he,
	Archiveprefix = {arXiv},
	Author = "{ATLAS Collaboration}",
	Date-Added = {2014-12-09 13:37:43 +0000},
	Date-Modified = {2014-12-09 13:37:43 +0000},
	Eprint = {1112.6426},
	Journal = {Eur. Phys. J. C},
	Pages = {2304},
	Reportnumber = {CERN-PH-EP-2011-191},
	Slaccitation = {%%CITATION = ARXIV:1112.6426;%%},
	Title = {{Jet energy measurement with the ATLAS detector in proton-proton collisions at $\sqrt{s}=7$\,\TeV}},
	Volume = {73},
	Year = {2013},
	Bdsk-Url-1 = {http://dx.doi.org/10.1140/epjc/s10052-013-2304-2}}

@article{MuonPerf,
	Archiveprefix = {arXiv},
	Author = "{ATLAS Collaboration}",
	Date-Added = {2014-12-05 15:29:06 +0000},
	Date-Modified = {2014-12-05 15:29:12 +0000},
	Eprint = {1407.3935},
	Journal = {Eur. Phys. J. C},
	Pages = {3130},
	Reportnumber = {CERN-PH-EP-2014-151},
	Slaccitation = {%%CITATION = ARXIV:1407.3935;%%},
	Title = {{Measurement of the muon reconstruction performance of the ATLAS detector using 2011 and 2012 LHC proton-proton collision data}},
	Volume = {74},
	Year = {2014},
	Bdsk-Url-1 = {http://dx.doi.org/10.1140/epjc/s10052-014-3130-x}}

@article{Aad:2014bia,
	Archiveprefix = {arXiv},
	Author = "{ATLAS Collaboration}",
	Date-Added = {2014-12-05 14:57:59 +0000},
	Date-Modified = {2015-01-09 15:27:48 +0000},
	Eprint = {1406.0076},
	Journal = {Eur. Phys. J. C},
	Pages = {17},
	Slaccitation = {%%CITATION = ARXIV:1406.0076;%%},
	Title = {{Jet energy measurement and its systematic uncertainty in proton-proton collisions at $\sqrt{s}=7$ TeV with the ATLAS detector}},
	Volume = {75},
	Year = {2015}}

@article{Lai:2010vv,
	Archiveprefix = {arXiv},
	Author = {Lai, Hung-Liang and others},
	Date-Added = {2014-12-05 14:06:38 +0000},
	Date-Modified = {2014-12-05 14:06:38 +0000},
	Eprint = {1007.2241},
	Journal = {Phys. Rev. D},
	Pages = {074024},
	Reportnumber = {MSUHEP-100707, SMU-HEP-10-10},
	Slaccitation = {%%CITATION = ARXIV:1007.2241;%%},
	Title = {{New parton distributions for collider physics}},
	Volume = {82},
	Year = {2010},
	Bdsk-Url-1 = {http://dx.doi.org/10.1103/PhysRevD.82.074024}}

@article{Frixione:2007vw,
	Archiveprefix = {arXiv},
	Author = {Frixione, Stefano and Nason, Paolo and Oleari, Carlo},
	Date-Added = {2014-12-05 14:00:27 +0000},
	Date-Modified = {2014-12-05 14:00:27 +0000},
	Eprint = {0709.2092},
	Journal = {JHEP},
	Pages = {070},
	Title = {{Matching NLO QCD computations with Parton Shower simulations: the POWHEG method}},
	Volume = {11},
	Year = {2007},
	Bdsk-Url-1 = {http://dx.doi.org/10.1088/1126-6708/2007/11/070}}

@article{Collaboration:2010wq,
	Archiveprefix = {arXiv},
	Author = "{ATLAS Collaboration}",
	Date-Added = {2014-12-05 13:56:56 +0000},
	Date-Modified = {2014-12-05 13:56:56 +0000},
	Eprint = {1005.4568},
	Journal = {Eur. Phys. J. C},
	Pages = {823},
	Slaccitation = {%%CITATION = 1005.4568;%%},
	Title = {{The ATLAS Simulation Infrastructure}},
	Volume = {70},
	Year = {2010},
	Bdsk-Url-1 = {http://dx.doi.org/10.1140/epjc/s10052-010-1429-9}}

@article{Czakon:2011xx,
	Archiveprefix = {arXiv},
	Author = {Czakon, Michal and Mitov, Alexander},
	Eprint = {1112.5675},
	Slaccitation = {%%CITATION = ARXIV:1112.5675;%%},
	Title = {{Top++: A Program for the Calculation of the Top-Pair Cross-Section at Hadron Colliders}},
	Year = {2011}}

@article{Czakon:2012pz,
	Archiveprefix = {arXiv},
	Author = {Czakon, Michal and Mitov, Alexander},
	Date-Added = {2014-12-05 13:55:44 +0000},
	Date-Modified = {2014-12-05 13:55:44 +0000},
	Eprint = {1210.6832},
	Journal = {JHEP},
	Pages = {080},
	Slaccitation = {%%CITATION = ARXIV:1210.6832;%%},
	Title = {{NNLO corrections to top pair production at hadron colliders: the quark-gluon reaction}},
	Volume = {01},
	Year = {2013},
	Bdsk-Url-1 = {http://dx.doi.org/10.1007/JHEP01(2013)080}}

@article{Czakon:2012zr,
	Archiveprefix = {arXiv},
	Author = {Czakon, Michal and Mitov, Alexander},
	Date-Added = {2014-12-05 13:55:44 +0000},
	Date-Modified = {2014-12-05 13:55:44 +0000},
	Eprint = {1207.0236},
	Journal = {JHEP},
	Pages = {054},
	Reportnumber = {CERN-PH-TH-2012-181},
	Slaccitation = {%%CITATION = ARXIV:1207.0236;%%},
	Title = {{NNLO corrections to top-pair production at hadron colliders: the all-fermionic scattering channels}},
	Volume = {12},
	Year = {2012},
	Bdsk-Url-1 = {http://dx.doi.org/10.1007/JHEP12(2012)054}}

@article{Czakon:2013goa,
	Archiveprefix = {arXiv},
	Author = {Czakon, Michal and Fiedler, Paul and Mitov, Alexander},
	Date-Added = {2014-12-05 13:55:44 +0000},
	Date-Modified = {2014-12-05 13:55:44 +0000},
	Eprint = {1303.6254},
	Journal = {Phys. Rev. Lett.},
	Pages = {252004},
	Reportnumber = {CERN-PH-TH-2013-056, TTK-13-08},
	Slaccitation = {%%CITATION = ARXIV:1303.6254;%%},
	Title = {{The total top quark pair production cross-section at hadron colliders through O($\alpha_{S}^{4}$)}},
	Volume = {110},
	Year = {2013},
	Bdsk-Url-1 = {http://dx.doi.org/10.1103/PhysRevLett.110.252004}}

@article{Baernreuther:2012ws,
	Archiveprefix = {arXiv},
	Author = {B$\mathrm{\ddot{a}}$rnreuther, Peter and Czakon, Michal and Mitov, Alexander},
	Date-Added = {2014-12-05 13:55:28 +0000},
	Date-Modified = {2014-12-05 13:55:28 +0000},
	Eprint = {1204.5201},
	Journal = {Phys. Rev. Lett.},
	Pages = {132001},
	Reportnumber = {CERN-PH-TH-2012-092},
	Slaccitation = {%%CITATION = ARXIV:1204.5201;%%},
	Title = {{Percent Level Precision Physics at the Tevatron: First Genuine NNLO QCD Corrections to $q \bar{q} \to t \bar{t} + X$}},
	Volume = {109},
	Year = {2012},
	Bdsk-Url-1 = {http://dx.doi.org/10.1103/PhysRevLett.109.132001}}

@article{Cacciari:2011hy,
	Archiveprefix = {arXiv},
	Author = {Cacciari, Matteo and others},
	Date-Added = {2014-12-05 13:55:11 +0000},
	Date-Modified = {2014-12-05 13:55:11 +0000},
	Eprint = {1111.5869},
	Journal = {Phys. Lett. B},
	Pages = {612},
	Reportnumber = {CERN-PH-TH-2011-277, TTK-11-54},
	Slaccitation = {%%CITATION = ARXIV:1111.5869;%%},
	Title = {{Top-pair production at hadron colliders with next-to-next-to-leading logarithmic soft-gluon resummation}},
	Volume = {710},
	Year = {2012},
	Bdsk-Url-1 = {http://dx.doi.org/10.1016/j.physletb.2012.03.013}}

@article{Plehn199646,
	Archiveprefix = {arXiv},
	Author = {T. Plehn and M. Spira and P.M. Zerwas},
	Date-Added = {2014-12-05 13:51:44 +0000},
	Date-Modified = {2015-01-08 16:33:28 +0000},
	Eprint = {hep-ph/9603205},
	Issn = {0550-3213},
	Journal = {Nucl. Phys. B},
	Keywords = {\{LHC\} experiments},
	Pages = {46},
	Title = {{Pair production of neutral Higgs particles in gluon-gluon collisions}},
	Volume = {479},
	Year = {1996},
	Bdsk-Url-1 = {http://www.sciencedirect.com/science/article/pii/055032139600418X},
	Bdsk-Url-2 = {http://dx.doi.org/10.1016/0550-3213(96)00418-X}}

@article{Zbb,
	Archiveprefix = {arXiv},
	Collaboration = {{ATLAS}},
	Date-Added = {2014-12-05 13:46:11 +0000},
	Date-Modified = {2015-01-09 15:05:21 +0000},
	Eprint = {1404.7042},
	Issn = {0370-2693},
	Journal = {Phys. Lett. B},
	Key = {tagkey201425},
	Keywords = {Boosted topologies},
	Pages = {25},
	Title = {Measurement of the cross section of high transverse momentum $Z\rightarrow b\bar{b}$ production in proton--proton collisions at $\sqrt{s} = 8$\,TeV with the {ATLAS} detector},
	Volume = {738},
	Year = {2014},
	Bdsk-Url-1 = {http://www.sciencedirect.com/science/article/pii/S0370269314006704},
	Bdsk-Url-2 = {http://dx.doi.org/10.1016/j.physletb.2014.09.020}}

@article{1401.7340,
	Archiveprefix = {arXiv},
	Author = {Frederix, R. and others},
	Date-Modified = {2015-05-14 16:36:01 +0000},
	Eprint = {1401.7340},
	Journal = {Phys. Lett. B},
	Pages = {142},
	Reportnumber = {CERN-PH-TH-2014-014, CP3-14-07, ZU-TH03-14, LPN14-055},
	Slaccitation = {%%CITATION = ARXIV:1401.7340;%%},
	Title = {{Higgs pair production at the LHC with NLO and parton-shower effects}},
	Volume = {732},
	Year = {2014},
	Bdsk-Url-1 = {http://dx.doi.org/10.1016/j.physletb.2014.03.026}}

@article{Nason:2004rx,
	Archiveprefix = {arXiv},
	Author = {Nason, Paolo},
	Date-Added = {2014-12-05 11:35:08 +0000},
	Date-Modified = {2014-12-05 11:35:08 +0000},
	Eprint = {hep-ph/0409146},
	Journal = {JHEP},
	Pages = {040},
	Reportnumber = {BICOCCA-FT-04-11},
	Slaccitation = {%%CITATION = HEP-PH/0409146;%%},
	Title = {{A new method for combining NLO QCD with shower Monte Carlo algorithms}},
	Volume = {11},
	Year = {2004},
	Bdsk-Url-1 = {http://dx.doi.org/10.1088/1126-6708/2004/11/040}}

@article{Stump:2003yu,
	Archiveprefix = {arXiv},
	Author = {Stump, Daniel and others},
	Date-Added = {2014-12-05 11:34:50 +0000},
	Date-Modified = {2015-05-14 16:35:34 +0000},
	Eprint = {hep-ph/0303013},
	Journal = {JHEP},
	Pages = {046},
	Reportnumber = {MSU-HEP-030303},
	Slaccitation = {%%CITATION = HEP-PH/0303013;%%},
	Title = {{Inclusive jet production, parton distributions, and the search for new physics}},
	Volume = {10},
	Year = {2003}}

@article{Sjostrand:2007gs,
	Archiveprefix = {arXiv},
	Author = {Sjostrand, Torbjorn and Mrenna, Stephen and Skands, Peter Z.},
	Date-Added = {2014-12-05 11:34:36 +0000},
	Date-Modified = {2014-12-05 11:34:36 +0000},
	Eprint = {0710.3820},
	Journal = {Comput. Phys. Commun.},
	Pages = {852},
	Reportnumber = {CERN-LCGAPP-2007-04, LU-TP-07-28, FERMILAB-PUB-07-512-CD-T},
	Slaccitation = {%%CITATION = ARXIV:0710.3820;%%},
	Title = {{A Brief Introduction to PYTHIA 8.1}},
	Volume = {178},
	Year = {2008}}

@article{Alwall:2011uj,
	Archiveprefix = {arXiv},
	Author = {Alwall, Johan and others},
	Date-Added = {2014-12-05 11:34:26 +0000},
	Date-Modified = {2014-12-05 11:34:26 +0000},
	Eprint = {1106.0522},
	Journal = {JHEP},
	Pages = {128},
	Reportnumber = {FERMILAB-PUB-11-448-T},
	Slaccitation = {%%CITATION = ARXIV:1106.0522;%%},
	Title = {{MadGraph 5: going beyond}},
	Volume = {06},
	Year = {2011},
	Bdsk-Url-1 = {http://dx.doi.org/10.1007/JHEP06(2011)128}}

@article{RSbulkFix,
	Title = {The implementation of the bulk Randall-Sundrum model includes a correction for an overestimate in the original production cross section by a factor of four as reported in http://cp3-origins.dk/research/units/ed-tools, (2013)}}

@article{ref:AtlasDet,
	Author = "{ATLAS Collaboration}",
	Date-Added = {2014-12-05 09:12:06 +0000},
	Date-Modified = {2014-12-05 09:12:06 +0000},
	Journal = {JINST},
	Pages = {S08003},
	Slaccitation = {%%CITATION = JINST,3,S08003;%%},
	Title = {{The ATLAS experiment at the CERN Large Hadron Collider}},
	Volume = {3},
	Year = {2008},
	Bdsk-Url-1 = {http://dx.doi.org/10.1088/1748-0221/3/08/S08003}}


	
@article{ref:IBL,
	Author = "{ATLAS Collaboration}",
	Month = {June},
	Number = {CERN-LHCC-2010-013, ATLAS-TDR-19},
	Title = {{ATLAS Insertable B-Layer Technical Design Report}},
	Url = {https://cds.cern.ch/record/1291633},
	Year = {2016}
	}

@article{Aad:2012xs,
	Archiveprefix = {arXiv},
	Author = "{ATLAS Collaboration}",
	Date-Added = {2014-12-05 09:11:42 +0000},
	Date-Modified = {2014-12-05 09:11:42 +0000},
	Eprint = {1110.1530},
	Journal = {Eur. Phys. J. C},
	Pages = {1849},
	Reportnumber = {CERN-PH-EP-2011-078},
	Slaccitation = {%%CITATION = ARXIV:1110.1530;%%},
	Title = {{Performance of the ATLAS trigger system in 2010}},
	Volume = {72},
	Year = {2012},
	Bdsk-Url-1 = {http://dx.doi.org/10.1140/epjc/s10052-011-1849-1}}

@article{ATLAS-CONF-2014-046,
	Author = "{ATLAS Collaboration}",
	Date-Added = {2014-12-04 15:58:30 +0000},
	Date-Modified = {2015-01-09 15:33:51 +0000},
	Journal = {\href{http://cds.cern.ch/record/1741020}{ATLAS-CONF-2014-046}},
	Title = {{Calibration of the performance of $b$-tagging for $c$ and light-flavour jets in the 2012 ATLAS data}},
	Url = {http://cds.cern.ch/record/1741020},
	Bdsk-Url-1 = {http://cds.cern.ch/record/1741020}}

@article{DeLimaBBBB,
	Archiveprefix = {arXiv},
	Author = {de Lima, DaniloEnoqueFerreira and Papaefstathiou, Andreas and Spannowsky, Michael},
	Date-Added = {2014-12-04 14:10:21 +0000},
	Date-Modified = {2015-01-09 14:20:33 +0000},
	Eid = {30},
	Eprint = {1404.7139},
	Journal = {JHEP},
	Keywords = {Jets; Hadronic Colliders},
	Language = {English},
	Pages = {030},
	Publisher = {Springer Berlin Heidelberg},
	Title = {Standard model Higgs boson pair production in the $\left(b\bar{b}\right)\left(b\bar{b}\right)$ final state},
	Volume = {08},
	Year = {2014},
	Bdsk-Url-1 = {http://dx.doi.org/10.1007/JHEP08%282014%29030},
	Bdsk-Url-2 = {http://dx.doi.org/10.1007/JHEP08(2014)030}}

@article{Wardrope:2014kya,
	Archiveprefix = {arXiv},
	Author = {Wardrope, David and others},
	Date-Added = {2014-12-04 14:00:40 +0000},
	Date-Modified = {2015-01-09 14:20:13 +0000},
	Eprint = {1410.2794},
	Slaccitation = {%%CITATION = ARXIV:1410.2794;%%},
	Title = {{Non-resonant Higgs pair production in the $b\overline{b}b\overline{b}$ final state at the LHC }},
	Year = {2014}}

@article{GouzevitchBBBBPheno,
	Archiveprefix = {arXiv},
	Author = {Gouzevitch, Maxime and others},
	Date-Added = {2014-12-04 13:46:40 +0000},
	Date-Modified = {2015-01-09 14:19:03 +0000},
	Eid = {148},
	Eprint = {1303.6636},
	Journal = {JHEP},
	Keywords = {Jets; Hadronic Colliders},
	Language = {English},
	Pages = {148},
	Publisher = {Springer Berlin Heidelberg},
	Title = {Scale-invariant resonance tagging in multijet events and new physics in {Higgs} pair production},
	Volume = {07},
	Year = {2013},
	Bdsk-Url-1 = {http://dx.doi.org/10.1007/JHEP07%282013%29148},
	Bdsk-Url-2 = {http://dx.doi.org/10.1007/JHEP07(2013)148}}

@article{PhenoBBBB,
	Archiveprefix = {arXiv},
	Author = {Cooper, Ben and Konstantinidis, Nikos and Lambourne, Luke and Wardrope, David},
	Date-Added = {2014-12-04 13:42:15 +0000},
	Date-Modified = {2015-04-28 16:24:59 +0000},
	Eprint = {1307.0407},
	Journal = {Phys. Rev. D},
	Pages = {114005},
	Title = {Boosted $hh\rightarrow b\overline{b}b\overline{b}$: A new topology in searches for {TeV}-scale resonances at the {LHC}},
	Volume = {88},
	Year = {2013},
	Bdsk-Url-1 = {http://dx.doi.org/10.1103/PhysRevD.88.114005}}

@article{PhysRevLett.111.201801,
	Archiveprefix = {arXiv},
	Author = {de Florian, Daniel and Mazzitelli, Javier},
	Date-Added = {2014-12-04 13:36:30 +0000},
	Date-Modified = {2015-01-08 16:37:14 +0000},
	Eprint = {1309.6594},
	Issue = {20},
	Journal = {Phys. Rev. Lett.},
	Month = {Nov},
	Numpages = {5},
	Pages = {201801},
	Publisher = {American Physical Society},
	Title = {{Higgs} Boson Pair Production at Next-to-Next-to-Leading Order in {QCD}},
	Volume = {111},
	Year = {2013},
	Bdsk-Url-1 = {http://link.aps.org/doi/10.1103/PhysRevLett.111.201801},
	Bdsk-Url-2 = {http://dx.doi.org/10.1103/PhysRevLett.111.201801}}

@article{Grigo20131,
	Archiveprefix = {arXiv},
	Author = {Jonathan Grigo and Jens Hoff and Kirill Melnikov and Matthias Steinhauser},
	Date-Added = {2014-12-04 13:23:31 +0000},
	Date-Modified = {2015-01-08 16:35:54 +0000},
	Eprint = {1305.7340},
	Issn = {0550-3213},
	Journal = {Nucl. Phys. B},
	Pages = {1},
	Title = {On the {Higgs} boson pair production at the {LHC}},
	Volume = {875},
	Year = {2013},
	Bdsk-Url-1 = {http://www.sciencedirect.com/science/article/pii/S0550321313003520},
	Bdsk-Url-2 = {http://dx.doi.org/10.1016/j.nuclphysb.2013.06.024}}

@article{PhysRevD.58.115012,
	Archiveprefix = {arXiv},
	Author = {Dawson, S. and Dittmaier, S. and Spira, M.},
	Date-Added = {2014-12-04 13:22:58 +0000},
	Date-Modified = {2015-01-08 16:33:02 +0000},
	Eprint = {hep-ph/9703387},
	Issue = {11},
	Journal = {Phys. Rev. D},
	Month = {Nov},
	Numpages = {13},
	Pages = {115012},
	Publisher = {American Physical Society},
	Title = {{Neutral Higgs-boson pair production at hadron colliders: QCD corrections}},
	Volume = {58},
	Year = {1998},
	Bdsk-Url-1 = {http://link.aps.org/doi/10.1103/PhysRevD.58.115012},
	Bdsk-Url-2 = {http://dx.doi.org/10.1103/PhysRevD.58.115012}}

@article{PhysRevD.89.092007,
	Archiveprefix = {arXiv},
	Collaboration = {CMS},
	Date-Added = {2014-12-04 13:20:01 +0000},
	Date-Modified = {2015-01-08 16:34:58 +0000},
	Eprint = {1312.5353},
	Issue = {9},
	Journal = {Phys. Rev. D},
	Month = {May},
	Numpages = {45},
	Pages = {092007},
	Publisher = {American Physical Society},
	Title = {{Measurement of the properties of a Higgs boson in the four-lepton final state}},
	Volume = {89},
	Year = {2014},
	Bdsk-Url-1 = {http://link.aps.org/doi/10.1103/PhysRevD.89.092007},
	Bdsk-Url-2 = {http://dx.doi.org/10.1103/PhysRevD.89.092007}}

@article{ATLAS:HiggsCouplings,
	Archiveprefix = {arXiv},
	Author = "{ATLAS Collaboration}",
	Date-Added = {2014-12-04 13:18:51 +0000},
	Date-Modified = {2015-01-08 16:34:33 +0000},
	Eprint = {1307.1427},
	Issn = {0370-2693},
	Journal = {Phys. Lett. B},
	Key = {tagkey201388},
	Pages = {88},
	Title = {{Measurements of Higgs boson production and couplings in diboson final states with the {ATLAS} detector at the {LHC}}},
	Volume = {726},
	Year = {2013},
	Bdsk-Url-1 = {http://www.sciencedirect.com/science/article/pii/S0370269313006369},
	Bdsk-Url-2 = {http://dx.doi.org/10.1016/j.physletb.2013.08.010}}

@article{Chatrchyan201230,
	Archiveprefix = {arXiv},
	Collaboration = {CMS},
	Date-Added = {2014-12-04 13:10:44 +0000},
	Date-Modified = {2015-01-08 16:29:17 +0000},
	Eprint = {1207.7235},
	Issn = {0370-2693},
	Journal = {Phys. Lett. B},
	Keywords = {Higgs},
	Pages = {30},
	Title = {Observation of a new boson at a mass of 125 {GeV} with the {CMS} experiment at the {LHC}},
	Volume = {716},
	Year = {2012},
	Bdsk-Url-1 = {http://www.sciencedirect.com/science/article/pii/S0370269312008581},
	Bdsk-Url-2 = {http://dx.doi.org/10.1016/j.physletb.2012.08.021}}

@article{Baglio:HiggsCoupling,
	Author = {Baglio, J. and Djouadi, A. and Gr{\"o}ber, R. and M{\"u}hlleitner, M.M. and Quevillon, J. and Spira, M.},
	Date-Added = {2014-12-04 13:07:47 +0000},
	Date-Modified = {2014-12-04 13:07:47 +0000},
	Eid = {151},
	Journal = {JHEP},
	Keywords = {Higgs Physics; QCD; Standard Model},
	Language = {English},
	Number = {4},
	Publisher = {Springer Berlin Heidelberg},
	Title = {The measurement of the Higgs self-coupling at the LHC: theoretical status},
	Volume = {04},
	Year = {2013},
	Bdsk-Url-1 = {http://dx.doi.org/10.1007/JHEP04%282013%29151},
	Bdsk-Url-2 = {http://dx.doi.org/10.1007/JHEP04(2013)151}}

@article{Read:2002hq,
	Author = {Read, Alexander L.},
	Journal = {J. Phys.},
	Pages = {2693},
	Slaccitation = {%%CITATION = JPHGB,G28,2693;%%},
	Title = {{Presentation of search results: The CL(s) technique}},
	Volume = {G28},
	Year = {2002},
	Bdsk-Url-1 = {http://dx.doi.org/10.1088/0954-3899/28/10/313}}

@article{AsymLikelihood,
	Adsnote = {Provided by the SAO/NASA Astrophysics Data System},
	Adsurl = {http://adsabs.harvard.edu/abs/2011EPJC...71.1554C},
	Archiveprefix = {arXiv},
	Author = {{Cowan}, G. and {Cranmer}, K. and {Gross}, E. and {Vitells}, O.},
	Eprint = {1007.1727},
	Journal = {Eur. Phys. J. C},
	Month = feb,
	Pages = {1554},
	Title = {{Asymptotic formulae for likelihood-based tests of new physics}},
	Volume = 71,
	Year = 2011,
	Bdsk-Url-1 = {http://dx.doi.org/10.1140/epjc/s10052-011-1554-0}}

@article{Fitzpatrick,
	Archiveprefix = {arXiv},
	Author = {Liam Fitzpatrick and Jared Kaplan and Lisa Randall and Lian-Tao Wang},
	Date-Modified = {2015-01-09 14:12:02 +0000},
	Eprint = {hep-ph/0701150},
	Journal = {JHEP},
	Pages = {013},
	Title = {Searching for the {Kaluza-Klein} graviton in bulk {RS} models},
	Volume = {09},
	Year = {2007},
	Bdsk-Url-1 = {http://dx.doi.org/10.1088/1126-6708/2007/09/013}}

@article{Randall:1999ee,
	Archiveprefix = {arXiv},
	Author = {Randall, Lisa and Sundrum, Raman},
	Eprint = {hep-ph/9905221},
	Journal = {Phys. Rev. Lett.},
	Pages = {3370-3373},
	Reportnumber = {MIT-CTP-2860, PUPT-1860, BUHEP-99-9},
	Slaccitation = {%%CITATION = HEP-PH/9905221;%%},
	Title = {{A Large mass hierarchy from a small extra dimension}},
	Volume = {83},
	Year = {1999},
	Bdsk-Url-1 = {http://dx.doi.org/10.1103/PhysRevLett.83.3370}}

@article{ATLAS-CONF-2014-005,
	Address = {Geneva},
	Author = "{ATLAS Collaboration}",
	Date-Modified = {2015-01-09 14:11:21 +0000},
	Month = {Mar},
	Number = {\href{http://cds.cern.ch/record/1666518}{ATLAS-CONF-2014-005}},
	Report = {\href{http://cds.cern.ch/record/1666518}{ATLAS-CONF-2014-005}},
	Title = {{A search for resonant Higgs-pair production in the $b\bar{b}b\bar{b}$ final state in $pp$ collisions at $\sqrt{s}=8$ TeV}},
	Year = {2014},
	Bdsk-Url-1 = {http://cds.cern.ch/record/1666518}}
	
	
@article{ATL-PHYS-PUB-2016-012,
	Author = "{ATLAS Collaboration}",
	Month = {June},
	Number = {ATL-PHYS-PUB-2016-012},
	Title = {{Optimisation of the ATLAS $b$-tagging performance for the 2016 LHC Run}},
	Url = {http://cds.cern.ch/record/2160731},
	Year = {2016},
	Bdsk-Url-1 = {http://cds.cern.ch/record/2160731}}

@article{ATL-PHYS-PUB-2014-013,
	Author = "{ATLAS Collaboration}",
	Month = {August},
	Number = {ATL-PHYS-PUB-2014-013},
	Title = {{Flavor Tagging with Track Jets in Boosted Topologies with the ATLAS Detector}},
	Url = {http://cds.cern.ch/record/1712269},
	Year = {2014},
	Bdsk-Url-1 = {http://cds.cern.ch/record/1712269}}

@article{ATL-PHYS-PUB-2015-035,
	Author = "{ATLAS Collaboration}",
	Month = {August},
	Number = {ATL-PHYS-PUB-2015-035},
	Title = {{Expected Performance of Boosted Higgs ($\to b\bar{b}$) Boson Identification with the ATLAS Detector at $\sqrt{s}=13$ TeV}},
	Url = {http://cdsweb.cern.ch/record/2042155},
	Year = {2015},
	Bdsk-Url-1 = {http://cdsweb.cern.ch/record/2042155}}

@article{ATL-PHYS-PUB-2014-014,
	Address = {Geneva},
	Author = "{ATLAS Collaboration}",
	Month = {August},
	Report = {\href{http://cds.cern.ch/record/1746380}{ATL-PHYS-PUB-2014-014}},
	Title = {{b-tagging in dense environments}},
	Url = {http://cds.cern.ch/record/1746380},
	Year = {2014},
	Bdsk-Url-1 = {http://cds.cern.ch/record/1746380}}

@article{ATL-COM-PHYS-2015-009,
	Author = "{ATLAS Collaboration}",
	Month = {August},
	Number = {ATL-COM-PHYS-2015-009},
	Title = {{Measurement of the Track-Jet $b$-Tagging Efficiency of the MV1 algorithm in $pp$ Collisions at $\sqrt{s}=8$ TeV using $e\mu$ Dilepton $t\bar{t}$ events}},
	Url = {https://cds.cern.ch/record/1981533},
	Year = {2015},
	Bdsk-Url-1 = {https://cds.cern.ch/record/1981533}}

@article{ATL-COM-PHYS-2015-1323,
	Author = "{ATLAS Collaboration}",
	Month = {August},
	Number = {ATL-COM-PHYS-2015-1323},
	Title = {{Performance of Track Jet based $b$-tagging in Monte Carlo at $\sqrt{s}=8$ TeV with the ATLAS Detector}},
	Url = {https://cds.cern.ch/record/2062412?ln=en},
	Year = {2015},
	Bdsk-Url-1 = {https://cds.cern.ch/record/2062412?ln=en}}

@article{ATL-COM-PHYS-2014-1561,
	Author = "{ATLAS Collaboration}",
	Month = {August},
	Number = {ATL-COM-PHYS-2014-1561},
	Title = {{Estimation of the Systematic Uncertainties on the $b$-Tagging of close by $b$-Jets in $pp$ Collisions at $\sqrt{s}= 8$ TeV using Multi-Jet Events}},
	Url = {https://cds.cern.ch/record/1975945},
	Year = {2014},
	Bdsk-Url-1 = {https://cds.cern.ch/record/1975945}}

@article{ZZtollqq,
	Address = {Geneva},
	Author = "{ATLAS Collaboration}",
	Month = {Nov},
	Report = {\href{http://cds.cern.ch/record/1493489}{ATLAS-CONF-2012-150}},
	Title = {{Search for resonant ZZ production in the ZZ $\rightarrow$ llqq channel with the ATLAS detector using 7.2 fb-1 of sqrt(s) = 8 TeV pp collision data}},
	Url = {http://cds.cern.ch/record/1493489},
	Year = {2012},
	Bdsk-Url-1 = {http://cds.cern.ch/record/1493489}}

@article{WWtolnuqq,
	Address = {Geneva},
	Author = "{ATLAS Collaboration}",
	Month = {March},
	Report = {\href{http://cds.cern.ch/record/1525522}{ATLAS-CONF-2013-015}},
	Title = {{Search for resonant WZ $\rightarrow$ lnu ll production using $\sqrt{s}$ = 8 TeV pp collisions with ATLAS}},
	Url = {http://cds.cern.ch/record/1525522},
	Year = {2013},
	Bdsk-Url-1 = {http://cds.cern.ch/record/1525522}}

@article{Chatrchyan:2012rva,
	Archiveprefix = {arXiv},
	Collaboration = {CMS},
	Eprint = {1211.5779},
	Journal = {JHEP},
	Pages = {036},
	Reportnumber = {CMS-EXO-12-014, CERN-PH-EP-2012-312},
	Slaccitation = {%%CITATION = ARXIV:1211.5779;%%},
	Title = {{Search for exotic resonances decaying into $WZ/ZZ$ in $pp$ collisions at $\sqrt{s}=7$ TeV}},
	Volume = {02},
	Year = {2013},
	Bdsk-Url-1 = {http://dx.doi.org/10.1007/JHEP02(2013)036}}

@article{CMSWWlnuqq,
	Address = {Geneva},
	Collaboration = {CMS},
	Month = {Aug},
	Report = {\href{http://cds.cern.ch/record/1590301}{CMS PAS EXO-12-021}},
	Title = {{Search for new resonances decaying to $WW\rightarrow l\nu qq$ in the final state with a lepton, missing transverse energy, and single reconstructed jet}},
	Url = {http://cds.cern.ch/record/1590301},
	Year = {2013},
	Bdsk-Url-1 = {http://cds.cern.ch/record/1590301}}

@article{CMSZZllqq,
	Address = {Geneva},
	Collaboration = {CMS},
	Month = {Sept},
	Report = {\href{http://cds.cern.ch/record/1596494}{CMS-PAS-EXO-12-022}},
	Title = {{Search for a narrow spin-2 resonance decaying to Z bosons in the semileptonic final state}},
	Url = {http://cds.cern.ch/record/1596494},
	Year = {2013},
	Bdsk-Url-1 = {http://cds.cern.ch/record/1596494}}

@article{CMSbbgammagamma,
	Address = {Geneva},
	Collaboration = {CMS},
	Date-Modified = {2015-01-09 14:16:47 +0000},
	Month = {April},
	Number = {\href{http://cds.cern.ch/record/1697512}{CMS-PAS-HIG-13-032}},
	Title = {{Search for the resonant production of two Higgs bosons in the final state with two photons and two bottom quarks in pp collisions at $\sqrt{s}$ = 8 TeV }},
	Year = {2014},
	Bdsk-Url-1 = {http://cds.cern.ch/record/1697512}}

@article{CMSbbbb,
	Address = {Geneva},
	Collaboration = {CMS},
	Date-Modified = {2015-01-09 14:17:17 +0000},
	Month = {Aug},
	Number = {\href{http://cds.cern.ch/record/1748425}{CMS PAS HIG-14-013}},
	Title = {{Search for narrow resonant pair production of the Higgs boson in the final state with four bottom quarks}},
	Year = {2014},
	Bdsk-Url-1 = {http://cds.cern.ch/record/1748425}}

@article{CMSbbtt,
	Address = {Geneva},
	Collaboration = {CMS},
	Month = {October},
	Number = {\href{http://arxiv.org/abs/1510.01181}{arXiv:1510.01181}},
	Title = {{Searches for a heavy scalar boson H decaying to a pair of 125 GeV Higgs bosons hh or for a heavy pseudoscalar boson A decaying to Zh, in the final states with h$\to \tau\tau$}},
	Year = {2015},
	Bdsk-Url-1 = {http://arxiv.org/abs/1510.01181}}

@article{Chatrchyan:2012ypy,
	Collaboration = {CMS},
	Journal = {Phys. Lett. B},
	Pages = {280},
	Reportnumber = {CMS-EXO-11-095, CERN-PH-EP-2012-356},
	Slaccitation = {%%CITATION = ARXIV:1212.1910;%%},
	Title = {{Search for heavy resonances in the W/Z-tagged dijet mass spectrum in pp collisions at 7 TeV}},
	Volume = {723},
	Year = {2013},
	Bdsk-Url-1 = {http://dx.doi.org/10.1016/j.physletb.2013.05.040}}

@article{CMS2HDM,
	Address = {Geneva},
	Collaboration = {CMS},
	Date-Modified = {2015-01-09 14:12:47 +0000},
	Institution = {CERN},
	Month = {Dec},
	Number = {\href{http://cds.cern.ch/record/1637776}{CMS PAS HIG-13-025}},
	Title = {{Search for extended Higgs sectors in the H$\rightarrow$hh and A$\rightarrow$Zh channels in $\sqrt{s}$ = 8 TeV pp collisions with multileptons and photons final states}},
	Year = {2013},
	Bdsk-Url-1 = {http://cds.cern.ch/record/1637776}}

@article{Agashe:2007zd,
	Archiveprefix = {arXiv},
	Author = {Agashe, Kaustubh and Davoudiasl, Hooman and Perez, Gilad and Soni, Amarjit},
	Eprint = {hep-ph/0701186},
	Journal = {Phys. Rev. D},
	Pages = {036006},
	Reportnumber = {SU-4252-843, BNL-HET-07-3, YITP-SB-07-02},
	Slaccitation = {%%CITATION = HEP-PH/0701186;%%},
	Title = {{Warped Gravitons at the LHC and Beyond}},
	Volume = {76},
	Year = {2007},
	Bdsk-Url-1 = {http://dx.doi.org/10.1103/PhysRevD.76.036006}}

@article{Pruna:2013bma,
	Archiveprefix = {arXiv},
	Author = {Pruna, Giovanni Marco and Robens, Tania},
	Eprint = {1303.1150},
	Reportnumber = {PSI-PR-13-03},
	Slaccitation = {%%CITATION = ARXIV:1303.1150;%%},
	Title = {{The Higgs Singlet extension parameter space in the light of the LHC discovery}},
	Year = {2013}}

@article{Coleppa:2013dya,
	Archiveprefix = {arXiv},
	Author = {Coleppa, Baradhwaj and Kling, Felix and Su, Shufang},
	Eprint = {1305.0002},
	Slaccitation = {%%CITATION = ARXIV:1305.0002;%%},
	Title = {{Constraining Type II 2HDM in Light of LHC Higgs Searches}},
	Year = {2013}}

@article{Aad:2013ucp,
	Archiveprefix = {arXiv},
	Author = "{ATLAS Collaboration}",
	Eprint = {1302.4393},
	Journal = {Eur. Phys. J. C},
	Pages = {2518},
	Slaccitation = {%%CITATION = ARXIV:1302.4393;%%},
	Title = {{Improved luminosity determination in pp collisions at $\sqrt{s}=7$~TeV using the ATLAS detector at the LHC}},
	Volume = {73},
	Year = {2013}}

@article{detPaper,
	Collaboration = {{ATLAS}},
	Journal = {JINST},
	Pages = {S08003},
	Slaccitation = {%%CITATION = JINST,3,S08003;%%},
	Title = {{The ATLAS Experiment at the CERN Large Hadron Collider}},
	Volume = 3,
	Year = 2008,
	Bdsk-Url-1 = {http://dx.doi.org/10.1088/1748-0221/3/08/S08003}}

@article{MC12AU2,
	Author = "{ATLAS Collaboration}",
	Report = {\href{http://cdsweb.cern.ch/record/1474107}{ATL-PHYS-PUB-2012-003}},
	Slaccitation = {%%CITATION = ATL-PHYS-PUB-2012-003 ETC.;%%},
	Title = {{Summary of ATLAS Pythia 8 tunes}},
	Url = {http://cdsweb.cern.ch/record/1474107},
	Year = {2012},
	Bdsk-Url-1 = {http://cdsweb.cern.ch/record/1474107}}

@article{pythia8,
	Archiveprefix = {arXiv},
	Author = {Sjostrand, Torbjorn and Mrenna, Stephen and Skands, Peter Z.},
	Eprint = {0710.3820},
	Journal = {Comput. Phys. Commun.},
	Pages = {852},
	Reportnumber = {CERN-LCGAPP-2007-04, LU-TP-07-28, FERMILAB-PUB-07-512-CD-T},
	Slaccitation = {%%CITATION = ARXIV:0710.3820;%%},
	Title = {{A Brief Introduction to PYTHIA 8.1}},
	Volume = {178},
	Year = {2008},
	Bdsk-Url-1 = {http://dx.doi.org/10.1016/j.cpc.2008.01.036}}

@article{Sjostrand:2006za,
	Archiveprefix = {arXiv},
	Author = {Sjostrand, Torbjorn and Mrenna, Stephen and Skands, Peter Z.},
	Eprint = {hep-ph/0603175},
	Journal = {JHEP},
	Pages = {026},
	Reportnumber = {FERMILAB-PUB-06-052-CD-T, LU-TP-06-13},
	Slaccitation = {%%CITATION = HEP-PH/0603175;%%},
	Title = {{PYTHIA 6.4 Physics and Manual}},
	Volume = {05},
	Year = {2006}}

@article{powheg,
	Archiveprefix = {arXiv},
	Author = {Frixione, Stefano and Nason, Paolo and Oleari, Carlo},
	Eprint = {0709.2092},
	Journal = {JHEP},
	Pages = {070},
	Title = {{Matching NLO QCD computations with Parton Shower simulations: the POWHEG method}},
	Volume = {11},
	Year = {2007},
	Bdsk-Url-1 = {http://dx.doi.org/10.1088/1126-6708/2007/11/070}}

@article{MG5aMCatNLO,
	Archiveprefix = {arXiv},
	Author = {J. Alwall et al},
	Eprint = {1405.0301},
	Journal = {JHEP},
	Pages = {079},
	Title = {{The automated computation of tree-level and next-to-leading order differential cross sections, and their matching to parton shower simulations}},
	Volume = {07},
	Year = {2014}}

@article{cteq6l1,
	Archiveprefix = {arXiv},
	Author = {Nadolsky, Pavel M. and others},
	Eprint = {0802.0007},
	Journal = {Phys. Rev. D},
	Pages = {013004},
	Slaccitation = {%%CITATION = 0802.0007;%%},
	Title = {Implications of CTEQ global analysis for collider observables},
	Volume = {78},
	Year = {2008},
	Bdsk-Url-1 = {http://dx.doi.org/10.1103/PhysRevD.78.013004}}

@article{Geant4,
	Author = {Agostinelli, S. and others},
	Collaboration = {GEANT4},
	Journal = {Nucl. Instrum. Meth. A},
	Pages = {250},
	Slaccitation = {%%CITATION = NUIMA,A506,250;%%},
	Title = {{GEANT4: A simulation toolkit}},
	Volume = {506},
	Year = {2003},
	Bdsk-Url-1 = {http://dx.doi.org/10.1016/S0168-9002(03)01368-8}}

@article{simulation,
	Archiveprefix = {arXiv},
	Author = "{ATLAS Collaboration}",
	Eprint = {1005.4568},
	Journal = {Eur. Phys. J. C},
	Pages = {823},
	Title = {{The {ATLAS} simulation infrastructure}},
	Volume = {70},
	Year = {2010},
	Bdsk-Url-1 = {http://dx.doi.org/10.1140/epjc/s10052-010-1429-9}}

@article{TopoClusters,
	Author = {Lampl, W and others},
	Month = {April},
	Report = {\href{http://cdsweb.cern.ch/record/1099735}{ATL-LARG-PUB-2008-002}},
	Title = {Calorimeter clustering algorithms: description and performance},
	Url = {http://cdsweb.cern.ch/record/1099735},
	Year = {2008},
	Bdsk-Url-1 = {http://cdsweb.cern.ch/record/1099735}}

@article{Cacciari:2008gp,
	Archiveprefix = {arXiv},
	Author = {Cacciari, Matteo and Salam, Gavin P. and Soyez, Gregory},
	Eprint = {0802.1189},
	Journal = {JHEP},
	Pages = {063},
	Reportnumber = {LPTHE-07-03},
	Slaccitation = {%%CITATION = ARXIV:0802.1189;%%},
	Title = {{The anti-k$_t$ jet clustering algorithm}},
	Volume = {04},
	Year = {2008},
	Bdsk-Url-1 = {http://dx.doi.org/10.1088/1126-6708/2008/04/063}}

@article{Cacciari200657,
	Archiveprefix = {arXiv},
	Author = {Cacciari, Matteo and Salam, Gavin P.},
	Eprint = {hep-ph/0512210},
	Journal = {Phys. Lett. B},
	Pages = {57},
	Reportnumber = {LPTHE-05-32},
	Slaccitation = {%%CITATION = HEP-PH/0512210;%%},
	Title = {{Dispelling the $N^{3}$ myth for the $k_t$ jet-finder}},
	Volume = {641},
	Year = {2006},
	Bdsk-Url-1 = {http://dx.doi.org/10.1016/j.physletb.2006.08.037}}

@article{Cacciari:2011ma,
	Archiveprefix = {arXiv},
	Author = {Cacciari, Matteo and Salam, Gavin P. and Soyez, Gregory},
	Eprint = {1111.6097},
	Journal = {Eur. Phys. J. C},
	Pages = {1896},
	Reportnumber = {CERN-PH-TH-2011-297},
	Slaccitation = {%%CITATION = ARXIV:1111.6097;%%},
	Title = {{FastJet User Manual}},
	Volume = {72},
	Year = {2012},
	Bdsk-Url-1 = {http://dx.doi.org/10.1140/epjc/s10052-012-1896-2}}

@article{Krohn2010,
	Archiveprefix = {arXiv},
	Author = {Krohn, D. and Thaler, J. and Wang, L.-T.},
	Eprint = {0912.1342},
	Journal = {JHEP},
	Pages = {084},
	Slaccitation = {%%CITATION = ARXIV:0912.1342;%%},
	Title = {{Jet Trimming}},
	Volume = {02},
	Year = {2010},
	Bdsk-Url-1 = {http://dx.doi.org/10.1007/JHEP02(2010)084}}

@article{ApplyJetCalibration2012,
	Url = {http://twiki.cern.ch/twiki/bin/viewauth/AtlasProtected/ApplyJetCalibration2012},
	Bdsk-Url-1 = {http://twiki.cern.ch/twiki/bin/viewauth/AtlasProtected/ApplyJetCalibration2012}}

@article{DataCleaning,
	Url = {http://twiki.cern.ch/twiki/bin/viewauth/Atlas/DataPreparationCheckListForPhysicsAnalysis},
	Bdsk-Url-1 = {http://twiki.cern.ch/twiki/bin/viewauth/Atlas/DataPreparationCheckListForPhysicsAnalysis}}

@article{MuonCorrection,
	Url = {http://twiki.cern.ch/twiki/bin/viewauth/AtlasProtected/BjetcorrectionrecipeCracow},
	Bdsk-Url-1 = {http://twiki.cern.ch/twiki/bin/viewauth/AtlasProtected/BjetcorrectionrecipeCracow}}

@article{pileuptwiki,
	Url = {http://twiki.cern.ch/twiki/bin/view/AtlasProtected/ExtendedPileupReweighting},
	Bdsk-Url-1 = {http://twiki.cern.ch/twiki/bin/view/AtlasProtected/ExtendedPileupReweighting}}

@article{TTbarXSec,
	Url = {http://twiki.cern.ch/twiki/bin/viewauth/AtlasProtected/TopCommonParametersMC12},
	Bdsk-Url-1 = {http://twiki.cern.ch/twiki/bin/viewauth/AtlasProtected/TopCommonParametersMC12}}

@article{JetSubst,
	Url = {http://twiki.cern.ch/twiki/bin/view/AtlasProtected/JetSubstructureRecommendations},
	Bdsk-Url-1 = {http://twiki.cern.ch/twiki/bin/view/AtlasProtected/JetSubstructureRecommendations}}

@article{UJU,
	Url = {http://twiki.cern.ch/twiki/bin/view/AtlasProtected/UJUncertaintyProvider},
	Bdsk-Url-1 = {http://twiki.cern.ch/twiki/bin/view/AtlasProtected/UJUncertaintyProvider}}

@article{JESuncert,
	Url = {http://twiki.cern.ch/twiki/bin/viewauth/AtlasProtected/JetUncertainties},
	Bdsk-Url-1 = {http://twiki.cern.ch/twiki/bin/viewauth/AtlasProtected/JetUncertainties}}

@article{BCHcore,
	Url = {http://twiki.cern.ch/twiki/bin/viewauth/AtlasProtected/BCHCleaningTool},
	Bdsk-Url-1 = {http://twiki.cern.ch/twiki/bin/viewauth/AtlasProtected/BCHCleaningTool}}

@misc{Agashe,
	Author = {Agashe, Kaustubh},
	Howpublished = {(private communication)},
	Note = {{\it I think it is difficult to imagine more than a factor of 2 or so enhancement in BR to Higgs, the reason being that the top quark HAS to be localized close to the TeV/Higgs brane in order to reproduce it's large Yukawa coupling to Higgs/mass... so that decay width to top cannot really be reduced, beyond O(1) factor, i.e, the residual freedom in top quark localization... (Just for completeness, let me mention that other SM fermions can be localized away from TeV brane, since their masses are much smaller...) What about simply increasing the c ( =k/Mpl) parameter - again, one can't make it larger than ~2 or so - such that overall cross-section is larger?}}}

@article{TrackJetBtagging,
	Url = {http://twiki.cern.ch/twiki/bin/view/AtlasProtected/BoostedBTagging},
	Bdsk-Url-1 = {http://twiki.cern.ch/twiki/bin/view/AtlasProtected/BoostedBTagging}}

@article{boostedW,
	Author = {Davison, A and Ochoa, I},
	Report = {\href{http://cds.cern.ch/record/1557901}{ATL-COM-PHYS-2013-865}},
	Title = {Validating the ATLAS Large R-parameter Jet Mass Scale and Resolution with Hadronically Decaying Boosted W Bosons Using the 2012 Dataset},
	Url = {http://cds.cern.ch/record/1557901},
	Bdsk-Url-1 = {http://cds.cern.ch/record/1557901}}

@article{TopPt,
	Author = "{ATLAS Collaboration}",
	Month = {Dec},
	Report = {\href{http://cds.cern.ch/record/1470588}{ATL-COM-PHYS-2012-1137}},
	Title = {Measurement of the top quark pair differential cross-section with ATLAS in pp collisions at $\sqrt{s} = 7$TeV},
	Url = {http://cds.cern.ch/record/1470588},
	Year = {2013},
	Bdsk-Url-1 = {http://cds.cern.ch/record/1470588}}

@article{atlasConf:BoostedTop:2012,
	Author = "{ATLAS Collaboration}",
	Report = {\href{http://cdsweb.cern.ch/record/1474107}{ATLAS-CONF-2013-084}},
	Title = {{Performance of boosted top quark identification in 2012 ATLAS data}},
	Url = {http://cdsweb.cern.ch/record/1571040},
	Bdsk-Url-1 = {http://cdsweb.cern.ch/record/1571040}}

@article{JetMassAndSubstructure,
	Address = {Geneva},
	Archiveprefix = {arXiv},
	Author = "{ATLAS Collaboration}",
	Eprint = {1203.4606},
	Institution = {CERN},
	Journal = {JHEP},
	Pages = {128},
	Title = {Jet mass and substructure of inclusive jets in $\sqrt{s}$ = 7 TeV $pp$ collisions with the ATLAS experiment},
	Volume = {05},
	Year = {2012},
	Bdsk-Url-1 = {http://dx.doi.org/10.1007/JHEP05(2012)128}}

@article{Aad:2013gja,
	Archiveprefix = {arXiv},
	Author = "{ATLAS Collaboration}",
	Eprint = {1306.4945},
	Journal = {JHEP},
	Pages = {076},
	Reportnumber = {CERN-PH-EP-2013-069},
	Slaccitation = {%%CITATION = ARXIV:1306.4945;%%},
	Title = {{Performance of jet substructure techniques for large-$R$ jets in proton-proton collisions at $\sqrt{s}$ = 7 TeV using the ATLAS detector}},
	Volume = {09},
	Year = {2013},
	Bdsk-Url-1 = {http://dx.doi.org/10.1007/JHEP09(2013)076}}

@article{lhcCollaboration:2012,
	Archiveprefix = {arXiv},
	Author = "{ATLAS Collaboration}",
	Eprint = {1110.6189},
	Journal = plb,
	Pages = {137},
	Title = {{Searches for supersymmetry with the ATLAS detector using final states with two leptons and missing transverse momentum in $\sqrt{s} =$~7 TeV proton-proton collisions}},
	Volume = {709},
	Year = {2012},
	Bdsk-Url-1 = {http://dx.doi.org/10.1016/j.physletb.2012.01.076}}

@article{otherCollaboration:2007,
	Archiveprefix = {arXiv},
	Author = {Alver, B. and others},
	Collaboration = {PHOBOS},
	Eprint = {0704.0966},
	Journal = prc,
	Pages = {054913},
	Title = {{Cluster properties from two-particle angular correlations in p+p collisions at $\sqrt{s}=200$ GeV and 410 GeV}},
	Volume = {75},
	Year = {2007},
	Bdsk-Url-1 = {http://dx.doi.org/10.1103/PhysRevC.75.054913}}

@article{authors:2008,
	Archiveprefix = {arXiv},
	Author = {Sherstnev, A. and Thorne, R. S.},
	Eprint = {0711.2473},
	Journal = epjc,
	Pages = {553},
	Title = {{Parton distributions for LO generators}},
	Volume = {55},
	Year = {2008},
	Bdsk-Url-1 = {http://dx.doi.org/10.1140/epjc/s10052-008-0610-x}}

@article{arxivOnly:2009,
	Archiveprefix = {arXiv},
	Author = {Skands, P. Z.},
	Eprint = {0905.3418},
	Title = {{The Perugia tunes}}}

@article{arxivSub:2011,
	Archiveprefix = {arXiv},
	Author = {Monk, J and Oropeza-Barrera, C},
	Eprint = {1111.4869},
	Journal = {submitted to Nucl. Instrum. Meth.},
	Title = {{The HBOM method for unfolding detector effects}},
	Year = {2011}}

@article{atlasConf:2012,
	Author = "{ATLAS Collaboration}",
	Journal = {ATLAS-CONF-2012-058},
	Title = {{Search for gluino-mediated scalar top and bottom quark production in final states with missing transverse energy and at least three b-jets with the ATLAS Detector}},
	Url = {http://cdsweb.cern.ch/record/1453786},
	Bdsk-Url-1 = {http://cdsweb.cern.ch/record/1453786}}

@article{phystat:2003,
	Archiveprefix = {arXiv},
	Author = {Punzi, G.},
	Eprint = {0308063v2},
	Title = {{Sensitivity of searches for new signals and its optimization}},
	Year = {2003},
	Bdsk-Url-1 = {http://arxiv.org/abs/physics/0308063v2}}
	
	
@article{Lange:2001uf,
author         = "Lange, D.J.",
title          = "{The EvtGen particle decay simulation package}",
journal        = "Nucl.Instrum.Meth.",
volume         = "A462",
pages          = "152-155",
doi            = "10.1016/S0168-9002(01)00089-4",
year           = "2001",
url            = "http://www.sciencedirect.com/science/article/pii/S0168900201004533",
SLACcitation   = "%%CITATION = NUIMA,A462,152;%%",
}

@Article{AntiKt,
     author    = "Cacciari, Matteo and Salam, Gavin P. and Soyez, Gregory",
     title     = "{The anti-$k_t$ jet clustering algorithm}",
     journal   = "JHEP",
     volume    = "04",
     year      = "2008",
     pages     = "063",
     eprint    = "0802.1189",
     archivePrefix = "arXiv",
     doi       = "10.1088/1126-6708/2008/04/063",
     SLACcitation  = "%%CITATION = 0802.1189;%%"
}

@Article{pythia2,
     author    = "S{j\"o}strand, Torbjorn and Mrenna, Stephen and Skands, Peter
                  Z.",
     title     = "{PYTHIA 6.4 Physics and Manual}",
     journal   = "JHEP",
     volume    = 05,
     year      = 2006,
     pages     = 026,
       eprint         = "hep-ph/0603175",
   archivePrefix  = "arXiv"}

@Article{bib:powheg,
     author    = "Nason, P.",
     title     = "{A new method for combining NLO QCD with shower Monte Carlo
                  algorithms}",
     journal   = "JHEP",
     volume    = "11",
     year      = "2004",
     pages     = "040",
     archivePrefix = "arXiv",
     eprint    = "0409146",
     primaryClass = "hep-ph",
}

@article{CT10,
author         = {Lai, H. L. and others},
title          = "{New parton distributions for collider physics}",
journal        = {Phys.Rev. \textbf{D 82} (2010)},
     eprint    = "hep-ph/1007.2241",
     archivePrefix = "arXiv"
}

@Article{geant,
     author    = "Agostinelli, S. and others",
     collaboration = "GEANT4",
     title     = "{GEANT4: A simulation toolkit}",
     journal   = "Nucl. Instrum. Meth.",
     volume    = "A506",
     year      = "2003",
     pages     = "250-303",
     url       = "http://geant4.web.cern.ch/geant4/",
     doi="10.1016/S0168-9002(03)01368-8"
}

@article{JES,
      title = "Jet Calibration and Systematic Uncertainties for Jets Reconstructed in the ATLAS Detector at $\sqrt{s}$=13 TeV",
	Author = "{ATLAS Collaboration}",
      institution   = "CERN",
      address       = "Geneva",
      number        = "ATL-PHYS-PUB-2015-015",
      year          = "2015",
      reportNumber  = "ATL-PHYS-PUB-2015-015",
      report        = "ATL-PHYS-PUB-2015-015",
      url           = "http://cds.cern.ch/record/2037613"
}

  @article{ref:RELU,
  author    = {Xavier Glorot  and
               Antoine Bordes and
               Yoshua Bengio},
  title     = {Deep Sparse Rectifier Neural Networks},
  journal   = {Journal of Machine Learning Research},
  volume    = {15},
  year      = {2011}
   }

@article{ref:ADAM,
  author    = {Diederik P. Kingma and
               Jimmy Ba},
  title     = {Adam: {A} Method for Stochastic Optimization},
  year      = {2014},
       eprint    = "1412.6980",
     archivePrefix = "arXiv",
  timestamp = {Thu, 01 Jan 2015 19:51:08 +0100},
  biburl    = {http://dblp.uni-trier.de/rec/bib/journals/corr/KingmaB14},
  bibsource = {dblp computer science bibliography, http://dblp.org}
}

@book{ref:RNNthesis,
author    = {Alex Graves},
title = {Supervised Sequence Labelling with Recurrent Neural Networks},
 publisher = {Studies in Computational Intelligence 385, Springer},
 year = 2012}

@article{Bengio:1994:LLD:2325857.2328340,
 author = {Bengio, Y. and Simard, P. and Frasconi, P.},
 title = {Learning Long-term Dependencies with Gradient Descent is Difficult},
 journal = {Trans. Neur. Netw.},
 issue_date = {March 1994},
 volume = {5},
 number = {2},
 month = mar,
 year = {1994},
 issn = {1045-9227},
 pages = {157--166},
 numpages = {10},
 url = {http://dx.doi.org/10.1109/72.279181},
 doi = {10.1109/72.279181},
 acmid = {2328340},
 publisher = {IEEE Press},
 address = {Piscataway, NJ, USA},
}

@ARTICLE{2014arXiv1404.7828S,
   author = {{Schmidhuber}, J.},
    title = "{Deep Learning in Neural Networks: An Overview}",
  journal = {ArXiv e-prints},
archivePrefix = "arXiv",
   eprint = {1404.7828},
 keywords = {Computer Science - Neural and Evolutionary Computing, Computer Science - Learning},
     year = 2014,
    month = apr,
   adsurl = {http://adsabs.harvard.edu/abs/2014arXiv1404.7828S},
  adsnote = {Provided by the SAO/NASA Astrophysics Data System}
}

@article{DBLP:journals/corr/abs-1211-5063,
  author    = {Razvan Pascanu and
               Tomas Mikolov and
               Yoshua Bengio},
  title     = {Understanding the exploding gradient problem},
  year      = {2012},
  eprint    = "1211.5063",
  archivePrefix = "arXiv",
  timestamp = {Sat, 01 Dec 2012 20:32:38 +0100},
  biburl    = {http://dblp.uni-trier.de/rec/bib/journals/corr/abs-1211-5063},
  bibsource = {dblp computer science bibliography, http://dblp.org}
}

@misc{hochreiter1991untersuchungen,
  added-at = {2008-03-11T14:52:34.000+0100},
  author = {Hochreiter, S.},
  biburl = {http://www.bibsonomy.org/bibtex/21e476a44125e2b2b588d2fafbb5f69b0/idsia},
  citeulike-article-id = {2381309},
  comment = {See www7.informatik.tu-muenchen.de/\~{}hochreit; advisor: J. Schmidhuber},
  interhash = {c89e6c3623f880f8f4fbe62fd0d320ac},
  intrahash = {1e476a44125e2b2b588d2fafbb5f69b0},
  keywords = {juergen},
  priority = {2},
  timestamp = {2008-03-11T14:54:33.000+0100},
  title = {{Untersuchungen zu dynamischen neuronalen Netzen. Diploma thesis, Institut f\"{u}r Informatik, Lehrstuhl Prof. Brauer, Technische Universit\"{a}t M\"{u}nchen}},
  year = 1991
}


@article{ref:LSTM,
  author    = {S. Hochreiter and J. Schmidhuber},
  title     = {Long Short-Term Memory},
  journal   = {Neural Computation, 9},
  volume    = {8},
  year      = {1997}
   }


@article{ref:GRU,
  author    = {Junyoung Chung and
               {\c{C}}aglar G{\"{u}}l{\c{c}}ehre and
               KyungHyun Cho and
               Yoshua Bengio},
  title     = {Empirical Evaluation of Gated Recurrent Neural Networks on Sequence
               Modeling},
  year      = {2014},
       eprint    = "1412.3555",
     archivePrefix = "arXiv",
  timestamp = {Thu, 01 Jan 2015 19:51:08 +0100},
  biburl    = {http://dblp.uni-trier.de/rec/bib/journals/corr/ChungGCB14},
  bibsource = {dblp computer science bibliography, http://dblp.org}
}

@inproceedings{languagemodel,
  author    = {Tomas Mikolov and
               Martin Karafi{\'{a}}t and
               Luk{\'{a}}s Burget and
               Jan Cernock{\'{y}} and
               Sanjeev Khudanpur},
  title     = {Recurrent neural network based language model},
  booktitle = {{INTERSPEECH} 2010, 11th Annual Conference of the International Speech
               Communication Association, Makuhari, Chiba, Japan, September 26-30,
               2010},
  pages     = {1045--1048},
  year      = {2010},
  url       = {http://www.isca-speech.org/archive/interspeech_2010/i10_1045.html},
  timestamp = {Thu, 09 Apr 2015 14:27:21 +0200},
  biburl    = {http://dblp.uni-trier.de/rec/bib/conf/interspeech/MikolovKBCK10},
  bibsource = {dblp computer science bibliography, http://dblp.org}
}

@article{MT, 
  author    = {Kyunghyun Cho and
               Bart van Merrienboer and
               {\c{C}}aglar G{\"{u}}l{\c{c}}ehre and
               Fethi Bougares and
               Holger Schwenk and
               Yoshua Bengio},
  title     = {Learning Phrase Representations using {RNN} Encoder-Decoder for Statistical
               Machine Translation},
  year      = {2014},
       eprint    = "1406.1078",
     archivePrefix = "arXiv",
  timestamp = {Wed, 02 Jul 2014 08:24:58 +0200},
  biburl    = {http://dblp.uni-trier.de/rec/bib/journals/corr/ChoMGBSB14},
  bibsource = {dblp computer science bibliography, http://dblp.org}
}

@article{MT2,
  author    = {Minh{-}Thang Luong and
               Hieu Pham and
               Christopher D. Manning},
  title     = {Effective Approaches to Attention-based Neural Machine Translation},
  year      = {2015},
    eprint         = "1508.04025",
   archivePrefix  = "arXiv",
  timestamp = {Tue, 01 Sep 2015 14:42:40 +0200},
  biburl    = {http://dblp.uni-trier.de/rec/bib/journals/corr/LuongPM15},
  bibsource = {dblp computer science bibliography, http://dblp.org}
}

@article{timeseries,
  author    = {Zhengping Che and
               Sanjay Purushotham and
               Kyunghyun Cho and
               David Sontag and
               Yan Liu},
  title     = {Recurrent Neural Networks for Multivariate Time Series with Missing
               Values},
  year      = {2016},
    eprint         = "1606.01865",
   archivePrefix  = "arXiv",
  timestamp = {Fri, 01 Jul 2016 17:39:49 +0200},
  biburl    = {http://dblp.uni-trier.de/rec/bib/journals/corr/ChePCSL16},
  bibsource = {dblp computer science bibliography, http://dblp.org}
}

@article{timeseries2,
 author = {Connor, J. T. and Martin, R. D. and Atlas, L. E.},
 title = {Recurrent Neural Networks and Robust Time Series Prediction},
 journal = {Trans. Neur. Netw.},
 issue_date = {March 1994},
 volume = {5},
 number = {2},
 month = mar,
 year = {1994},
 issn = {1045-9227},
 pages = {240--254},
 numpages = {15},
 url = {http://dx.doi.org/10.1109/72.279188},
 doi = {10.1109/72.279188},
 acmid = {2328347},
 publisher = {IEEE Press},
 address = {Piscataway, NJ, USA},
} 

@article{DBLP:journals/corr/abs-1303-5778,
  author    = {Alex Graves and
               Abdel{-}rahman Mohamed and
               Geoffrey E. Hinton},
  title     = {Speech Recognition with Deep Recurrent Neural Networks},
  year      = {2013},
  eprint         = "1303.5778",
   archivePrefix  = "arXiv",
  timestamp = {Mon, 08 Apr 2013 13:28:28 +0200},
  biburl    = {http://dblp.uni-trier.de/rec/bib/journals/corr/abs-1303-5778},
  bibsource = {dblp computer science bibliography, http://dblp.org}
}

@misc{chrisolah,
	author = {Olah, Chris},
	title = {Understanding LSTM Networks},
	journal = {Colah's Blog},
	type = {Blog},
	number = {August 27},
	year = {2015},
	howpublished = {\url{http://colah.github.io/posts/2015-08-Understanding-LSTMs/}}
}


@Article{atlas_simulation,
      	Author = "{ATLAS Collaboration}",
      title          = "{The ATLAS Simulation Infrastructure}",
      journal        = "Eur. Phys. J",
      volume         = "C70",
      pages          = "823",
      year           = "2010",
      eprint         = "1005.4568",
      archivePrefix  = "arXiv",
      primaryClass   = "physics.ins-det",
      SLACcitation   = "%%CITATION = 1110.3174;%%"
}
