@techreport{vbfplusgammaint,
      author        = "Liang, Zhijun and Nielsen, Jason and Rose, Peyton and Shi,
                       Liaoshan and Wang, Song-Ming",
      title         = "{Search for Higgs Boson Production via Weak Boson Fusion
                       in Association with a High-Energy Photon}",
      institution   = "CERN",
      address       = "Geneva",
      number        = "ATL-COM-PHYS-2016-1693",
      month         = "Nov",
      year          = "2016",
      reportNumber  = "ATL-COM-PHYS-2016-1693",
      url           = "https://cds.cern.ch/record/2234295",
}

@article{AlexNet,
      author        = "{A. Krizhevsky, I. Sutskever and G. Hinton}",
      title         = "{ImageNet Classification with Deep Convolutional Neural Networks}",
      journal        = "{NIPS'12 Proceedings of the 25th International Conference on Neural Information Processing Systems - Volume 1}",
      pages = "{1097-1105}",
      year          = "{2012}",
}


@article{GhostMatching,
      author         = "Cacciari, Matteo and Salam, Gavin P. and Soyez, Gregory",
      title          = "{The Catchment Area of Jets}",
      journal        = "JHEP",
      volume         = 0804,
      pages          = 005,
      doi            = "10.1088/1126-6708/2008/04/005",
      year           = 2008,
      eprint         = "0802.1188",
      archivePrefix  = "arXiv",
      primaryClass   = "hep-ph",
      reportNumber   = "LPTHE-07-02",
      SLACcitation   = "%%CITATION = ARXIV:0802.1188;%%",
}


@article{atlasjetsub,
      author         = "{ATLAS Collaboration}",
      title          = "{Performance of jet substructure techniques for large-R jets in proton-proton collisions at $\sqrt{s}=7$ TeV using the ATLAS detector}",
      journal        = "J. High Energy Phys.",
      volume         = "09",
      pages          = "076",
      doi            = "10.1007/JHEP09(2013)076",
      year           = 2013
}

@article{jetareas,
      author         = "Cacciari, Matteo and Salam, Gavin P.",
      title          = "{Pileup subtraction using jet areas}",
      journal        = "Phys. Lett.",
      volume         = "B659",
      pages          = "119-126",
      doi            = "10.1016/j.physletb.2007.09.077",
      year           = 2008,
      eprint         = "0707.1378",
      archivePrefix  = "arXiv",
      primaryClass   = "hep-ph",
}


@article{Cacciari:2008gp,
             author    = "Cacciari, M. and Salam, G. P. and Soyez, G.",
             title     = "The anti-kT jet clustering algorithm",
             journal   = "JHEP",
             volume    = "04",
             year      = "2008",
             pages     = "063",
             eprint    = "0802.1189",
             archivePrefix = "arXiv",
             primaryClass  =  "hep-ph",
             doi       = "10.1088/1126-6708/2008/04/063",
             SLACcitation  = "%%CITATION = 0802.1189;%%"
        }

@Comment This is the article that Fastjet authors ask to cite to when jet finding is run
@article{Cacciari200657,
            title = "Dispelling the N$^{3}$ myth for the kt jet-finder",
            journal = "Physics Letters B",
            volume = "641",
            number = "1",
            pages = "57 - 61",
            year= "2006",
            note = "",
            issn = "0370-2693",
            doi = "DOI: 10.1016/j.physletb.2006.08.037",
            author = "M.~Cacciari and G.~P.~Salam"
}

@misc{JESwiki,
        howpublished = "Twiki page",
        title        = "JES calibration in rel20.7",
        url = "https://twiki.cern.ch/twiki/bin/view/AtlasProtected/ApplyJetCalibration2016",
        month        = "Nov",
        year         = "2016",
}
@misc{JVTwiki,
        howpublished = "Twiki page",
        title        = "JVT calibration in rel20.7",
        url = "https://twiki.cern.ch/twiki/bin/view/AtlasProtected/JVTCalibration",
        month        = "Nov",
        year         = "2016",
}

@techreport{ATLAS-CONF-2015-029,
      title         = "{Selection of jets produced in 13TeV proton-proton
                       collisions with the ATLAS detector}",
      institution   = "CERN",
      address       = "Geneva",
      number        = "ATLAS-CONF-2015-029",
      month         = "Jul",
      year          = "2015",
      reportNumber  = "ATLAS-CONF-2015-029",
      url           = "https://cds.cern.ch/record/2037702",
}

@article{Aad:2015ydr,
      author         = "Aad, Georges and others",
      title          = "{Performance of $b$-Jet Identification in the ATLAS
                        Experiment}",
      collaboration  = "ATLAS",
      journal        = "JINST",
      volume         = "11",
      year           = "2016",
      number         = "04",
      pages          = "P04008",
      doi            = "10.1088/1748-0221/11/04/P04008",
      eprint         = "1512.01094",
      archivePrefix  = "arXiv",
      primaryClass   = "hep-ex",
      reportNumber   = "CERN-PH-EP-2015-216",
      SLACcitation   = "%%CITATION = ARXIV:1512.01094;%%"
}

@techreport{ATL-PHYS-PUB-2016-012,
      title         = "{Optimisation of the ATLAS $b$-tagging performance for the
                       2016 LHC Run}",
      institution   = "CERN",
      collaboration = "ATLAS Collaboration",
      address       = "Geneva",
      number        = "ATL-PHYS-PUB-2016-012",
      month         = "Jun",
      year          = "2016",
      reportNumber  = "ATL-PHYS-PUB-2016-012",
      url           = "https://cds.cern.ch/record/2160731",
}

@misc{MV2c10wiki,
        howpublished = "Twiki page",
        title        = "MV2c10 benchmarks in rel20.7",
        url = "https://twiki.cern.ch/twiki/bin/view/AtlasProtected/BTaggingBenchmarks#MV2c10_tagger_added_on_11th_May",
        month        = "Nov",
        year         = "2016",
}

@techreport{RUN1,
      author        = "Favareto, Andrea and Guido, Elisa and Kim, Young-Kee and
                       Krizka, Karol and Okumura, Yasuyuki and Parodi, Fabrizio
                       and Rossi, Leonardo Paolo and Schiavi, Carlo and Varni,
                       Carlo",
      title         = "{Search for the Standard Model Higgs boson produced by
                       vector boson fusion and decaying to beauty quarks with the
                       ATLAS detector}",
      institution   = "CERN",
      address       = "Geneva",
      number        = "ATL-COM-PHYS-2014-1430",
      month         = "Nov",
      year          = "2014",
      reportNumber  = "ATL-COM-PHYS-2014-1430",
      url           = "https://cds.cern.ch/record/1966670",
}

@article{Englert:1964et,
        Author = {Englert, F. and Brout, R.},
        Doi = {10.1103/PhysRevLett.13.321},
        Journal = {Phys.Rev.Lett.},
        Pages = {321-323},
        Slaccitation = {%%CITATION = PRLTA,13,321;%%},
        Title = {{Broken Symmetry and the Mass of Gauge Vector Mesons}},
        Volume = {13},
        Year = {1964},
        Bdsk-Url-1 = {http://dx.doi.org/10.1103/PhysRevLett.13.321}}

@article{Higgs:1964pj,
        Author = {Higgs, Peter W.},
        Doi = {10.1103/PhysRevLett.13.508},
        Journal = {Phys.Rev.Lett.},
        Pages = {508-509},
        Slaccitation = {%%CITATION = PRLTA,13,508;%%},
        Title = {{Broken Symmetries and the Masses of Gauge Bosons}},
        Volume = {13},
        Year = {1964},
        Bdsk-Url-1 = {http://dx.doi.org/10.1103/PhysRevLett.13.508}}

@article{Higgs:1964ia,
        Author = {Higgs, Peter W.},
        Doi = {10.1016/0031-9163(64)91136-9},
        Journal = {Phys.Lett.},
        Pages = {132-133},
        Slaccitation = {%%CITATION = PHLTA,12,132;%%},
        Title = {{Broken symmetries, massless particles and gauge fields}},
        Volume = {12},
        Year = {1964},
        Bdsk-Url-1 = {http://dx.doi.org/10.1016/0031-9163(64)91136-9}}

@article{Guralnik:1964eu,
        Author = {Guralnik, G.S. and Hagen, C.R. and Kibble, T.W.B.},
        Doi = {10.1103/PhysRevLett.13.585},
        Journal = {Phys.Rev.Lett.},
        Pages = {585-587},
        Slaccitation = {%%CITATION = PRLTA,13,585;%%},
        Title = {{Global Conservation Laws and Massless Particles}},
        Volume = {13},
        Year = {1964},
        Bdsk-Url-1 = {http://dx.doi.org/10.1103/PhysRevLett.13.585}}

@article{Dittmaier:2011ti,
        Archiveprefix = {arXiv},
        Author = {{LHC Higgs Cross Section Working Group} and Dittmaier, S. and Mariotti, C. and Passarino, G. and Tanaka (Eds.), R.},
        Eprint = {1101.0593},
        Journal = {CERN-2011-002},
        Primaryclass = {hep-ph},
        Slaccitation = {%%CITATION = ARXIV:1101.0593;%%},
        Title = {{Handbook of LHC Higgs Cross Sections: 1. Inclusive Observables}},
        Year = {CERN, Geneva, 2011}}

@misc{lumiwiki,
        howpublished = "Twiki page",
        title        = "Luminosity For Physics",
        url = "https://twiki.cern.ch/twiki/bin/view/Atlas/LuminosityForPhysics",
        month        = "Nov",
        year         = "2016",
}

@misc{TWikiMc15c,
        howpublished = "Twiki page",
        title        = "MC15c Production",
        url = "https://twiki.cern.ch/twiki/bin/view/AtlasProtected/AtlasProductionGroupMC15c",
        month        = "Nov",
        year         = "2016",
}

@misc{TWiki_AtlasProductionGroup,
        howpublished = "Twiki page",
        title        = "MC Production Group",
        url = "https://twiki.cern.ch/twiki/bin/view/AtlasProtected/AtlasProductionGroup",
        month        = "Nov",
        year         = "2016",
}

@article{Agostinelli:2002hh,
      author         = "Agostinelli, S. and others",
      title          = "{GEANT4: A Simulation toolkit}",
      collaboration  = "GEANT4",
      journal        = "Nucl.Instrum.Meth.",
      volume         = "A506",
      pages          = "250-303",
      doi            = "10.1016/S0168-9002(03)01368-8",
      year           = "2003",
      reportNumber   = "SLAC-PUB-9350, FERMILAB-PUB-03-339",
      SLACcitation   = "%%CITATION = NUIMA,A506,250;%%",
}

@article{Sjostrand:2014zea,
      author         = "Sjöstrand, Torbjörn and Ask, Stefan and Christiansen,
                        Jesper R. and Corke, Richard and Desai, Nishita and Ilten,
                        Philip and Mrenna, Stephen and Prestel, Stefan and
                        Rasmussen, Christine O. and Skands, Peter Z.",
      title          = "{An Introduction to PYTHIA 8.2}",
      journal        = "Comput. Phys. Commun.",
      volume         = "191",
      year           = "2015",
      pages          = "159-177",
      doi            = "10.1016/j.cpc.2015.01.024",
      eprint         = "1410.3012",
      archivePrefix  = "arXiv",
      primaryClass   = "hep-ph",
      reportNumber   = "LU-TP-14-36, MCNET-14-22, CERN-PH-TH-2014-190,
                        FERMILAB-PUB-14-316-CD, DESY-14-178, SLAC-PUB-16122,
                        --FERMILAB-PUB-14-316-CD",
      SLACcitation   = "%%CITATION = ARXIV:1410.3012;%%"
}

@Article{Frixione:2007vw,
     author    = "Frixione, Stefano and Nason, Paolo and Oleari, Carlo",
     title     = "{Matching NLO QCD computations with Parton Shower
                  simulations: the POWHEG method}",
     journal   = "JHEP",
     volume    = "11",
     year      = "2007",
     pages     = "070",
     eprint    = "0709.2092",
     archivePrefix = "arXiv",
     doi       = "10.1088/1126-6708/2007/11/070",
     SLACcitation  = "%%CITATION = 0709.2092;%%"
}

@article{Nason:2004rx,
      author         = "Nason, Paolo",
      title          = "{A New method for combining NLO QCD with shower Monte
                        Carlo algorithms}",
      journal        = "JHEP",
      volume         = "0411",
      pages          = "040",
      doi            = "10.1088/1126-6708/2004/11/040",
      year           = "2004",
      eprint         = "hep-ph/0409146",
      archivePrefix  = "arXiv",
      primaryClass   = "hep-ph",
      reportNumber   = "BICOCCA-FT-04-11",
      SLACcitation   = "%%CITATION = HEP-PH/0409146;%%",
}


@article{Alioli:2010xd,
      author         = "Alioli, Simone and Nason, Paolo and Oleari, Carlo and Re,
                        Emanuele",
      title          = "{A general framework for implementing NLO calculations in
                        shower Monte Carlo programs: the POWHEG BOX}",
      journal        = "JHEP",
      volume         = "1006",
      pages          = "043",
      doi            = "10.1007/JHEP06(2010)043",
      year           = "2010",
      eprint         = "1002.2581",
      archivePrefix  = "arXiv",
      primaryClass   = "hep-ph",
      reportNumber   = "DESY-10-018, SFB-CPP-10-22, IPPP-10-11, DCPT-10-22",
      SLACcitation   = "%%CITATION = ARXIV:1002.2581;%%",
}

@article{Lai:2010vv,
 author         = "Lai, H.-L. and others",
 title          = "{New parton distributions for collider physics}",
 journal        = "Phys.Rev.",
 volume         = "D82",
 pages          = "074024",
 doi            = "10.1103/PhysRevD.82.074024",
 year           = "2010",
 eprint         = "1007.2241",
 archivePrefix  = "arXiv",
 primaryClass   = "hep-ph",
 SLACcitation   = "%%CITATION = ARXIV:1007.2241;%%",
	}

@article{Alwall:2014hca,
      author         = "Alwall, J. and Frederix, R. and Frixione, S. and Hirschi,
                        V. and Maltoni, F. and Mattelaer, O. and Shao, H. -S. and
                        Stelzer, T. and Torrielli, P. and Zaro, M.",
      title          = "{The automated computation of tree-level and
                        next-to-leading order differential cross sections, and
                        their matching to parton shower simulations}",
      journal        = "JHEP",
      volume         = "07",
      year           = "2014",
      pages          = "079",
      doi            = "10.1007/JHEP07(2014)079",
      eprint         = "1405.0301",
      archivePrefix  = "arXiv",
      primaryClass   = "hep-ph",
      reportNumber   = "CERN-PH-TH-2014-064, CP3-14-18, LPN14-066, MCNET-14-09,
                        ZU-TH-14-14",
      SLACcitation   = "%%CITATION = ARXIV:1405.0301;%%"
}

@article{nnpdf,
 author         = "Ball, R.D. and others",
 title          = "{Impact of Heavy Quark Masses on Parton Distributions and LHC Phenomenology}",
 journal        = "Nucl.Phys.",
 volume         = "B849",
 pages          = "296-363",
 doi            = "10.1016/j.nuclphysb.2011.03.021",
 year           = "2011",
 eprint         = "1101.1300",
 archivePrefix  = "arXiv",
 primaryClass   = "hep-ph",
	}

@cdsreport{Richter-Was:683751,
      author       = "Richter-Was, Elzbieta and Froidevaux, D and Poggioli, Luc",
      title        = "ATLFAST 2.0 a fast simulation package for ATLAS",
      institution  = "CERN",
      address      = "Geneva",
      entryCollection = "ATLAS+Internal+Notes+Physics",
      entryId      = "ATL-PHYS-98-131",
      month        = "Nov",
      year         = "1998",
}

@article{scikit-learn,
 title={Scikit-learn: Machine Learning in {P}ython},
 author={Pedregosa, F. and Varoquaux, G. and Gramfort, A. and Michel, V.
         and Thirion, B. and Grisel, O. and Blondel, M. and Prettenhofer, P.
         and Weiss, R. and Dubourg, V. and Vanderplas, J. and Passos, A. and
         Cournapeau, D. and Brucher, M. and Perrot, M. and Duchesnay, E.},
 journal={Journal of Machine Learning Research},
 volume={12},
 pages={2825--2830},
 year={2011}
}

@Misc{TWiki_JetUncertainties,
  title = "{Jet Uncertainties}",
  howpublished="Twiki page",
  url = "https://twiki.cern.ch/twiki/bin/view/AtlasProtected/JetUncertainties2015ICHEP2016"
	}

@Misc{jeruncertaintyprovider,
 title = "{Jet Energy Resolution Provider tool}",
 howpublished = "Twiki page",
 url = "https://twiki.cern.ch/twiki/bin/view/AtlasProtected/JetResolution2015Prerecom"
}

@techreport{qgtagging,
      title         = "{Quark versus Gluon Jet Tagging Using Charged Particle
                       Multiplicity with the ATLAS Detector}",
      institution   = "CERN",
      collaboration = "ATLAS Collaboration",
      address       = "Geneva",
      number        = "ATL-PHYS-PUB-2017-009",
      month         = "May",
      year          = "2017",
      reportNumber  = "ATL-PHYS-PUB-2017-009",
      url           = "https://cds.cern.ch/record/2263679",
}

@Misc{lhcxswg1,
 title = "{LHC Higgs Cross Section Working Group 1}",
 howpublished = "Twiki page",
 url = "https://twiki.cern.ch/twiki/bin/view/LHCPhysics/LHCHXSWG1"
}

@Misc{higgs_syst,
 title = "{Theoretical Predictions and systematics}",
 howpublished = "Twiki page",
 url = "https://twiki.cern.ch/twiki/bin/viewauth/AtlasProtected/HiggsPropertiesTheorySystematics"
}

@Misc{trigemu,
 title = "{Emulation tool for b-jet triggers}",
 howpublished = "Twiki page",
 url = "https://twiki.cern.ch/twiki/bin/view/Atlas/TrigBjetEmulation"
}

@Misc{QCDscale_vbf,
 title = "{QCD Scale Variation Recommendation}", 
 howpublished = "Twiki page",
 url = "https://twiki.cern.ch/twiki/bin/view/AtlasProtected/PmgSystematicUncertaintyRecipes#QCD_scale_uncertainties"
}

@Misc{QCDscale_ggF,
 title = "{ggF 2017 QCD Scale Uncertainty Recommendation}", 
 howpublished = "Slides", 
 url = "https://indico.cern.ch/event/618048/attachments/1430472/2210567/WG1_March_meeting_followup.pdf"
}


@article{zkfactors,
      author         = "Rubin, Mathieu and Salam, Gavin P. and Sapeta, Sebastian",
      title          = "{Giant QCD K-factors beyond NLO}",
      journal        = "JHEP",
      volume         = "09",
      year           = "2010",
      pages          = "084",
      doi            = "10.1007/JHEP09(2010)084",
      eprint         = "1006.2144",
      archivePrefix  = "arXiv",
      primaryClass   = "hep-ph",
      SLACcitation   = "%%CITATION = ARXIV:1006.2144;%%"
}


@Article{Bahr:2008pv,
      author         = "Bahr, M. and others",
      title          = "{Herwig++ Physics and Manual}",
      journal        = "Eur. Phys. J. C",
      volume         = "58",
      year           = "2008",
      pages          = "639",
      doi            = "10.1140/epjc/s10052-008-0798-9",
      eprint         = "0803.0883",
      archivePrefix  = "arXiv",
      primaryClass   = "hep-ph",
      reportNumber   = "CERN-PH-TH-2008-038, CAVENDISH-HEP-08-03, KA-TP-05-2008,
                        DCPT-08-22, IPPP-08-11, CP3-08-05",
      SLACcitation   = "%%CITATION = ARXIV:0803.0883;%%"
}

@Article{Bellm:2015jjp,
      author         = "Bellm, Johannes and others",
      title          = "{Herwig 7.0/Herwig++ 3.0 release note}",
      journal        = "Eur. Phys. J. C",
      volume         = "76",
      year           = "2016",
      number         = "4",
      pages          = "196",
      doi            = "10.1140/epjc/s10052-016-4018-8",
      eprint         = "1512.01178",
      archivePrefix  = "arXiv",
      primaryClass   = "hep-ph",
      reportNumber   = "CERN-PH-TH-2015-289, MAN-HEP-2015-15, IFJPAN-IV-2015-13,
                        HERWIG-2015-01, KA-TP-18-2015, DCPT-15-142, MCNET-15-28,
                        IPPP-15-71, --HERWIG-2015-01",
      SLACcitation   = "%%CITATION = ARXIV:1512.01178;%%"
}

