% Encoding: UTF-8
@article{Rubin:2010xp,
      author         = "Rubin, Mathieu and Salam, Gavin P. and Sapeta, Sebastian",
      title          = "{Giant QCD K-factors beyond NLO}",
      journal        = "JHEP",
      volume         = "09",
      year           = "2010",
      pages          = "084",
      doi            = "10.1007/JHEP09(2010)084",
      eprint         = "1006.2144",
      archivePrefix  = "arXiv",
      primaryClass   = "hep-ph",
      SLACcitation   = "%%CITATION = ARXIV:1006.2144;%%"
}



@article{herwig,
      author         = "Bahr, M. and others",
      title          = "{Herwig++ physics and manual}",
      journal        = "\EPJC",
      volume         = "58",
      year           = "2008",
      pages          = "639-707",
      doi            = "10.1140/epjc/s10052-008-0798-9",
      eprint         = "0803.0883",
      archivePrefix  = "arXiv",
      primaryClass   = "hep-ph",
      reportNumber   = "CERN-PH-TH-2008-038, CAVENDISH-HEP-08-03, KA-TP-05-2008,
                        DCPT-08-22, IPPP-08-11, CP3-08-05",
      SLACcitation   = "%%CITATION = ARXIV:0803.0883;%%"
}



@article{scikit-learn,
 title={Scikit-learn: Machine Learning in {P}ython},
 author={Pedregosa, F. and Varoquaux, G. and Gramfort, A. and Michel, V.
         and Thirion, B. and Grisel, O. and Blondel, M. and Prettenhofer, P.
         and Weiss, R. and Dubourg, V. and Vanderplas, J. and Passos, A. and
         Cournapeau, D. and Brucher, M. and Perrot, M. and Duchesnay, E.},
 journal={Journal of Machine Learning Research},
 volume={12},
 pages={2825--2830},
 year={2011},
 eprint         = "1201.0490",
 archivePrefix  = "arXiv",
 primaryClass   = "cs.LG"
}

@Article{tmva, 
author	=	"Hoecker, Andreas and Speckmayer, Peter and Stelzer, Joerg and Therhaag, Jan and von Toerne, Eckhard and Voss, Helge",
title	 = 	"{TMVA: Toolkit for Multivariate Data Analysis}",
journal	 = 	"PoS",
volume	 = 	"ACAT",
year	 = 	"2007",
pages	 = 	"040",
eprint	 = 	"physics/0703039",
archivePrefix	 = 	"arXiv",
SLACcitation	 = 	"%%CITATION = PHYSICS/0703039;%%"}

@PhdThesis{cb1,
  author = {Oreglia, M.},
  title  = {A Study of the Reactions $\psi^{'} \rightarrow \gamma \gamma \psi$},
  school = {Stanford University},
  year   = {1980},
  report = {SLAC-R-0236},
  url    = {https://www.slac.stanford.edu/cgi-wrap/getdoc/slac-r-236.pdf},
}
	
@phdthesis{cb2,
	author = {Skwarnicki,T.},
	title = {A study of the radiative CASCADE transitions between the Upsilon-Prime and Upsilon resonances.},
	school = {Cracow, INP},
	year = {1986},
	url = {https://inspirehep.net/record/230779/files/f31-86-02.pdf}}

@article{bernstein,
	author = {Bernstein, S.},
	title="{D\'{e}monstration du th\'{e}or\`{e}me de Weierstrass fond\'{e}e sur le calcul des probabilit\'{e}s}",
	journal = {Comm. Soc. Math. Kharkov },
	volume = 13,
	year = {1912}}

@ARTICLE{bukin,
   author = {{Bukin}, A.~D.},
    title = "{Fitting function for asymmetric peaks}",
archivePrefix = "arXiv",
   eprint = {0711.4449},
 primaryClass = "physics.data-an",
 keywords = {Physics - Data Analysis, Statistics and Probability, Physics - Computational Physics},
     year = 2007,
    month = nov,
   adsurl = {http://adsabs.harvard.edu/abs/2007arXiv0711.4449B},
  adsnote = {Provided by the SAO/NASA Astrophysics Data System}
}

@article{Aaltonen:2012qt,
      author         = "{CDF and D0 Collaborations}",
      title          = "{Evidence for a Particle Produced in Association with
                        Weak Bosons and Decaying to a Bottom-Antibottom Quark Pair
                        in Higgs Boson Searches at the Tevatron}",
      journal        = "Phys. Rev. Lett.",
      volume         = "109",
      year           = "2012",
      pages          = "071804",
      doi            = "10.1103/PhysRevLett.109.071804",
      eprint         = "1207.6436",
      archivePrefix  = "arXiv",
      primaryClass   = "hep-ex",
      reportNumber   = "FERMILAB-PUB-12-412-E",
      SLACcitation   = "%%CITATION = ARXIV:1207.6436;%%"
}

@article{Gabrielli:2007wf,
      author         = "Gabrielli, Emidio and Maltoni, Fabio and Mele, Barbara
                        and Moretti, Mauro and Piccinini, Fulvio and Pittau,
                        Roberto",
      title          = "{Higgs boson production in association with a photon in
                        vector boson fusion at the LHC}",
      journal        = "\NPB",
      volume         = "781",
      year           = "2007",
      pages          = "64-84",
      doi            = "10.1016/j.nuclphysb.2007.05.010",
      eprint         = "hep-ph/0702119",
      archivePrefix  = "arXiv",
      reportNumber   = "CP3-07-03, FNT-T-2007-01, HIP-2006-01-TH",
      SLACcitation   = "%%CITATION = HEP-PH/0702119;%%"
}

@article{Gabrielli:2016mdd,
      author         = "Gabrielli, Emidio and Mele, Barbara and Piccinini, Fulvio
                        and Pittau, Roberto",
      title          = "{Asking for an extra photon in Higgs production at the
                        LHC and beyond}",
      journal        = "JHEP",
      volume         = "07",
      year           = "2016",
      pages          = "003",
      doi            = "10.1007/JHEP07(2016)003",
      eprint         = "1601.03635",
      archivePrefix  = "arXiv",
      primaryClass   = "hep-ph",
      SLACcitation   = "%%CITATION = ARXIV:1601.03635;%%"
}

@Booklet{CERN-LHCC-2010-013,
      author        = "{ATLAS Collaboration}",
      title         = "{ATLAS Insertable B-Layer Technical Design Report}",
      year          = "2010",
      howpublished  = "CERN-LHCC-2010-013",
      url           = "http://cds.cern.ch/record/1291633",
}

@article{Nason:2004rx,
      author         = "Nason, Paolo",
      title          = "{A new method for combining NLO QCD with shower Monte
                        Carlo algorithms}",
      journal        = "JHEP",
      volume         = "11",
      year           = "2004",
      pages          = "040",
      doi            = "10.1088/1126-6708/2004/11/040",
      eprint         = "hep-ph/0409146",
      archivePrefix  = "arXiv",
      primaryClass   = "hep-ph",
      reportNumber   = "BICOCCA-FT-04-11",
      SLACcitation   = "%%CITATION = HEP-PH/0409146;%%"
}

@article{Frixione:2007vw,
      author         = "Frixione, Stefano and Nason, Paolo and Oleari, Carlo",
      title          = "{Matching NLO QCD computations with parton shower
                        simulations: the POWHEG method}",
      journal        = "JHEP",
      volume         = "11",
      year           = "2007",
      pages          = "070",
      doi            = "10.1088/1126-6708/2007/11/070",
      eprint         = "0709.p",
      archivePrefix  = "arXiv",
      primaryClass   = "hep-ph",
      reportNumber   = "BICOCCA-FT-07-9, GEF-TH-21-2007",
      SLACcitation   = "%%CITATION = ARXIV:0709.2092;%%"
}

@article{Alioli:2010xd,
      author         = "Alioli, Simone and Nason, Paolo and Oleari, Carlo and Re,
                        Emanuele",
      title          = "{A general framework for implementing NLO calculations in
                        shower Monte Carlo programs: the POWHEG BOX}",
      journal        = "JHEP",
      volume         = "06",
      year           = "2010",
      pages          = "043",
      doi            = "10.1007/JHEP06(2010)043",
      eprint         = "1002.2581",
      archivePrefix  = "arXiv",
      primaryClass   = "hep-ph",
      reportNumber   = "DESY-10-018, SFB-CPP-10-22, IPPP-10-11, DCPT-10-22",
      SLACcitation   = "%%CITATION = ARXIV:1002.2581;%%"
}

@article{Lai:2010vv,
      author         = "Lai, Hung-Liang and Guzzi, Marco and Huston, Joey and Li,
                        Zhao and Nadolsky, Pavel M. and Pumplin, Jon and Yuan, C.
                        -P.",
      title          = "{New parton distributions for collider physics}",
      journal        = "\PRD",
      volume         = "82",
      year           = "2010",
      pages          = "074024",
      doi            = "10.1103/PhysRevD.82.074024",
      eprint         = "1007.2241",
      archivePrefix  = "arXiv",
      primaryClass   = "hep-ph",
      reportNumber   = "MSUHEP-100707, SMU-HEP-10-10",
      SLACcitation   = "%%CITATION = ARXIV:1007.2241;%%"
}

@article{Ball:2012cx,
      author         = "Ball, Richard D. and others",
      title          = "{Parton distributions with LHC data}",
      journal        = "\NPB",
      volume         = "867",
      year           = "2013",
      pages          = "244-289",
      doi            = "10.1016/j.nuclphysb.2012.10.003",
      eprint         = "1207.1303",
      archivePrefix  = "arXiv",
      primaryClass   = "hep-ph",
      reportNumber   = "EDINBURGH-2012-08, IFUM-FT-997, FR-PHENO-2012-014,
                        RWTH-TTK-12-25, CERN-PH-TH-2012-037, SFB-CPP-12-47",
      SLACcitation   = "%%CITATION = ARXIV:1207.1303;%%"
}

@article{Sjostrand:2007gs,
      author         = "Sj{\"o}strand, Torbjorn and Mrenna, Stephen and Skands, Peter
                        Z.",
      title          = "{A brief tntroduction to PYTHIA 8.1}",
      journal        = "Comput. Phys. Commun.",
      volume         = "178",
      pages          = "852",
      doi            = "10.1016/j.cpc.2008.01.036",
      year           = "2008",
      eprint         = "0710.3820",
      archivePrefix  = "arXiv",
      primaryClass   = "hep-ph",
      reportNumber   = "CERN-LCGAPP-2007-04, LU-TP-07-28,
                        FERMILAB-PUB-07-512-CD-T",
      SLACcitation   = "%%CITATION = ARXIV:0710.3820;%%",
}

@article{Sjostrand:2014zea,
      author         = "Sj{\"o}strand, Torbj{\"o}rn and Ask, Stefan and Christiansen,
                        Jesper R. and Corke, Richard and Desai, Nishita and Ilten,
                        Philip and Mrenna, Stephen and Prestel, Stefan and
                        Rasmussen, Christine O. and Skands, Peter Z.",
      title          = "{An introduction to PYTHIA 8.2}",
      journal        = "Comput. Phys. Commun.",
      volume         = "191",
      year           = "2015",
      pages          = "159-177",
      doi            = "10.1016/j.cpc.2015.01.024",
      eprint         = "1410.3012",
      archivePrefix  = "arXiv",
      primaryClass   = "hep-ph",
      reportNumber   = "LU-TP-14-36, MCNET-14-22, CERN-PH-TH-2014-190,
                        FERMILAB-PUB-14-316-CD, DESY-14-178, SLAC-PUB-16122,
                        --FERMILAB-PUB-14-316-CD",
      SLACcitation   = "%%CITATION = ARXIV:1410.3012;%%"
}

@article{Alwall:2014hca,
      author         = "Alwall, J. and Frederix, R. and Frixione, S. and Hirschi,
                        V. and Maltoni, F. and Mattelaer, O. and Shao, H. -S. and
                        Stelzer, T. and Torrielli, P. and Zaro, M.",
      title          = "{The automated computation of tree-level and
                        next-to-leading order differential cross sections, and
                        their matching to parton shower simulations}",
      journal        = "JHEP",
      volume         = "07",
      year           = "2014",
      pages          = "079",
      doi            = "10.1007/JHEP07(2014)079",
      eprint         = "1405.0301",
      archivePrefix  = "arXiv",
      primaryClass   = "hep-ph",
      reportNumber   = "CERN-PH-TH-2014-064, CP3-14-18, LPN14-066, MCNET-14-09,
                        ZU-TH-14-14",
      SLACcitation   = "%%CITATION = ARXIV:1405.0301;%%"
}

@article{Martin:2009iq,
      author         = "Martin, A. D. and Stirling, W. J. and Thorne, R. S. and
                        Watt, G.",
      title          = "{Parton distributions for the LHC}",
      journal        = "\EPJC",
      volume         = "63",
      year           = "2009",
      pages          = "189-285",
      doi            = "10.1140/epjc/s10052-009-1072-5",
      eprint         = "0901.0002",
      archivePrefix  = "arXiv",
      primaryClass   = "hep-ph",
      reportNumber   = "IPPP-08-95, DCPT-08-190, CAVENDISH-HEP-08-16",
      SLACcitation   = "%%CITATION = ARXIV:0901.0002;%%"
}

@article{Cacciari:2008gp,
      author         = "Cacciari, Matteo and Salam, Gavin P. and Soyez, Gregory",
      title          = "{The anti-k(t) jet clustering algorithm}",
      journal        = "JHEP",
      volume         = "04",
      year           = "2008",
      pages          = "063",
      doi            = "10.1088/1126-6708/2008/04/063",
      eprint         = "0802.1189",
      archivePrefix  = "arXiv",
      primaryClass   = "hep-ph",
      reportNumber   = "LPTHE-07-03",
      SLACcitation   = "%%CITATION = ARXIV:0802.1189;%%"
}

@article{Cacciari:2008gn,
      author         = "Cacciari, Matteo and Salam, Gavin P. and Soyez, Gregory",
      title          = "{The Catchment Area of Jets}",
      journal        = "JHEP",
      volume         = "04",
      year           = "2008",
      pages          = "005",
      doi            = "10.1088/1126-6708/2008/04/005",
      eprint         = "0802.1188",
      archivePrefix  = "arXiv",
      primaryClass   = "hep-ph",
      reportNumber   = "LPTHE-07-02",
      SLACcitation   = "%%CITATION = ARXIV:0802.1188;%%"
}

@article{Cacciari:2007fd,
      author         = "Cacciari, Matteo and Salam, Gavin P.",
      title          = "{Pileup subtraction using jet areas}",
      journal        = "Phys. Lett.",
      volume         = "B659",
      year           = "2008",
      pages          = "119-126",
      doi            = "10.1016/j.physletb.2007.09.077",
      eprint         = "0707.1378",
      archivePrefix  = "arXiv",
      primaryClass   = "hep-ph",
      reportNumber   = "LPTHE-07-01",
      SLACcitation   = "%%CITATION = ARXIV:0707.1378;%%"
}

@article{Agostinelli:2002hh,
      author         = "Agostinelli, S. and others",
      title          = "{GEANT4 -- a simulation toolkit}",
      collaboration  = "GEANT4",
      journal        = "\NIMA",
      volume         = "506",
      year           = "2003",
      pages          = "250-303",
      doi            = "10.1016/S0168-9002(03)01368-8",
      reportNumber   = "SLAC-PUB-9350, FERMILAB-PUB-03-339",
      SLACcitation   = "%%CITATION = NUIMA,A506,250;%%"
}

@article{deFlorian:2016spz,
      author         = "de Florian, D. and others",
      title          = "{Handbook of LHC Higgs Cross Sections: 4. Deciphering the
                        Nature of the Higgs Sector}",
      collaboration  = "LHC Higgs Cross Section Working Group",
      journal        = "CERN-2017-002-M",
      doi            = "10.23731/CYRM-2017-002",
      year           = "2016",
      eprint         = "1610.07922",
      archivePrefix  = "arXiv",
      primaryClass   = "hep-ph",
      reportNumber   = "FERMILAB-FN-1025-T, CERN-2017-002-M",
      SLACcitation   = "%%CITATION = ARXIV:1610.07922;%%"
}

@article{Cowan:2010js,
      author         = "Cowan, Glen and Cranmer, Kyle and Gross, Eilam and
                        Vitells, Ofer",
      title          = "{Asymptotic formulae for likelihood-based tests of new
                        physics}",
      journal        = "\EPJC",
      volume         = "71",
      year           = "2011",
      pages          = "1554",
      doi            = "10.1140/epjc/s10052-011-1554-0",
      eprint         = "1007.1727",
      archivePrefix  = "arXiv",
      primaryClass   = "physics.data-an",
      related        = "Cowan:Erratum",
      relatedstring  = "Erratum:",
      SLACcitation   = "%%CITATION = ARXIV:1007.1727;%%"
}

@article{Cowan:Erratum,
    author         = "Cowan, Glen and Cranmer, Kyle and Gross, Eilam and
                        Vitells, Ofer",
    journal        = "\EPJC",
    volume         = "73",
    year           = "2013",
    pages          = "2501",
    doi            = "10.1140/epjc/s10052-013-2501-z",
}

@article{Read:2002hq,
      author         = "Read, Alexander L.",
      title          = "{Presentation of search results: the $CL_s$ technique}",
      booktitle      = "{Advanced Statistical Techniques in Particle Physics.
                        Proceedings, Conference, Durham, UK, March 18-22, 2002}",
      journal        = "J. Phys. G",
      volume         = "28",
      year           = "2002",
      pages          = "2693-2704",
      doi            = "10.1088/0954-3899/28/10/313",
      SLACcitation   = "%%CITATION = JPAGA,G28,2693;%%"
}

@Article{Butterworth:2015oua,
  author        = {Butterworth, Jon and others},
  title         = {{PDF4LHC recommendations for LHC Run II}},
  journal       = {J. Phys. G},
  year          = {2016},
  volume        = {43},
  pages         = {023001},
  archiveprefix = {arXiv},
  doi           = {10.1088/0954-3899/43/2/023001},
  eprint        = {1510.03865},
  primaryclass  = {hep-ph},
  reportnumber  = {OUTP-15-17P, SMU-HEP-15-12, TIF-UNIMI-2015-14, LCTS-2015-27, CERN-PH-TH-2015-249},
  slaccitation  = {%%CITATION = ARXIV:1510.03865;%%},
}

@Article{Djouadi:1997yw,
  author        = {Djouadi, A. and Kalinowski, J. and Spira, M.},
  title         = {{HDECAY: A program for Higgs boson decays in the Standard Model and its supersymmetric extension}},
  journal       = {Comput. Phys. Commun.},
  year          = {1998},
  volume        = {108},
  pages         = {56-74},
  archiveprefix = {arXiv},
  doi           = {10.1016/S0010-4655(97)00123-9},
  eprint        = {hep-ph/9704448},
  primaryclass  = {hep-ph},
  reportnumber  = {DESY-97-079, IFT-96-29, PM-97-04},
  slaccitation  = {%%CITATION = HEP-PH/9704448;%%},
}

@Article{Stewart:2011cf,
  author        = {Stewart, Iain W. and Tackmann, Frank J.},
  title         = {{Theory Uncertainties for Higgs and Other Searches Using Jet Bins}},
  journal       = {Phys. Rev.},
  year          = {2012},
  volume        = {D85},
  pages         = {034011},
  archiveprefix = {arXiv},
  doi           = {10.1103/PhysRevD.85.034011},
  eprint        = {1107.2117},
  primaryclass  = {hep-ph},
  slaccitation  = {%%CITATION = ARXIV:1107.2117;%%},
}

@article{FREUND1997119,
   title = "A Decision-Theoretic Generalization of On-Line Learning and an Application to Boosting",
   journal = "Journal of Computer and System Sciences",
   volume = "55",
   number = "1",
   pages = "119 - 139",
   year = "1997",
   doi = {10.1006/jcss.1997.1504},
   author = "Yoav Freund and Robert E Schapire"
}

@Article{Cacciari:2024069,
  author       = {Cacciari, Matteo and Dreyer, Frédéric A. and Karlberg, Alexander and Salam, Gavin P. and Zanderighi, Giulia},
  title        = {{Fully differential VBF Higgs production at NNLO}},
  journal      = {Phys. Rev. Lett.},
  year         = {2015},
  volume       = {115},
  number       = {CERN-PH-TH-2015-127. CERN-PH-TH-2015-127},
  pages        = {082002. 5 p},
  month        = {Jun},
  note         = {Comments: 5 pages, 2 figures},
  reportnumber = {CERN-PH-TH-2015-127},
  url          = {https://cds.cern.ch/record/2024069},
}

@Article{Bolzoni:2010xr,
  author        = {Bolzoni, Paolo and Maltoni, Fabio and Moch, Sven-Olaf and Zaro, Marco},
  title         = {{Higgs production via vector-boson fusion at NNLO in QCD}},
  journal       = {Phys. Rev. Lett.},
  year          = {2010},
  volume        = {105},
  pages         = {011801},
  archiveprefix = {arXiv},
  doi           = {10.1103/PhysRevLett.105.011801},
  eprint        = {1003.4451},
  primaryclass  = {hep-ph},
  reportnumber  = {DESY-10-042, SFB-CPP-10-23, CP3-10-12},
  slaccitation  = {%%CITATION = ARXIV:1003.4451;%%},
}

@Article{Bolzoni:2011cu,
  author        = {Bolzoni, Paolo and Maltoni, Fabio and Moch, Sven-Olaf and Zaro, Marco},
  title         = {{Vector boson fusion at NNLO in QCD: SM Higgs and beyond}},
  journal       = {Phys. Rev.},
  year          = {2012},
  volume        = {D85},
  pages         = {035002},
  archiveprefix = {arXiv},
  doi           = {10.1103/PhysRevD.85.035002},
  eprint        = {1109.3717},
  primaryclass  = {hep-ph},
  reportnumber  = {DESY-11-153, CP3-11-28, LPN-11-51, SFB-CPP-11-50},
  slaccitation  = {%%CITATION = ARXIV:1109.3717;%%},
}

@Article{Denner:2014cla,
  author        = {Denner, Ansgar and Dittmaier, Stefan and Kallweit, Stefan and Mück, Alexander},
  title         = {{HAWK 2.0: A Monte Carlo program for Higgs production in vector-boson fusion and Higgs strahlung at hadron colliders}},
  journal       = {Comput. Phys. Commun.},
  year          = {2015},
  volume        = {195},
  pages         = {161-171},
  archiveprefix = {arXiv},
  doi           = {10.1016/j.cpc.2015.04.021},
  eprint        = {1412.5390},
  primaryclass  = {hep-ph},
  reportnumber  = {FR-PHENO-2014-013, MITP-14-101, TTK-14-36},
  slaccitation  = {%%CITATION = ARXIV:1412.5390;%%},
}

@Article{Han:1992hr,
  author        = {Han, Tao and Valencia, G. and Willenbrock, S.},
  title         = {{Structure function approach to vector boson scattering in p p collisions}},
  journal       = {Phys. Rev. Lett.},
  year          = {1992},
  volume        = {69},
  pages         = {3274-3277},
  archiveprefix = {arXiv},
  doi           = {10.1103/PhysRevLett.69.3274},
  eprint        = {hep-ph/9206246},
  primaryclass  = {hep-ph},
  reportnumber  = {FERMILAB-PUB-92-171-T},
  slaccitation  = {%%CITATION = HEP-PH/9206246;%%},
}

@Article{Arnold:2008rz,
  author        = {Arnold, K. and others},
  title         = {{VBFNLO: A Parton level Monte Carlo for processes with electroweak bosons}},
  journal       = {Comput. Phys. Commun.},
  year          = {2009},
  volume        = {180},
  pages         = {1661-1670},
  archiveprefix = {arXiv},
  doi           = {10.1016/j.cpc.2009.03.006},
  eprint        = {0811.4559},
  primaryclass  = {hep-ph},
  reportnumber  = {KA-TP-31-2008, SFB-CPP-08-95},
  slaccitation  = {%%CITATION = ARXIV:0811.4559;%%},
}

@Article{PERF-2016-05,
  author        = {{ATLAS Collaboration}},
  title         = {{Measurements of $b$-jet tagging efficiency with the ATLAS detector using $t\bar{t}$ events at $\sqrt{s}=13$ TeV}},
  year          = {2018},
  archiveprefix = {arXiv},
  collaboration = {ATLAS},
  eprint        = {1805.01845},
  primaryclass  = {hep-ex},
  reportnumber  = {CERN-EP-2018-047, CERN-EP-2018-047},
  slaccitation  = {%%CITATION = ARXIV:1805.01845;%%},
}

@Comment{jabref-meta: databaseType:bibtex;}
